2804 4778
457 233 523 290 LIB.
542 231 603 287 VH.
632 231 708 287 CAP.
730 238 843 288 77-79.

1169 230 1234 296 259

60 401 119 460 nisi
141 399 250 461 invidia
273 401 406 480 adducti,
436 417 511 477 qnos
534 399 610 458 fama
633 398 748 458 nobiles
771 406 967 478 potentesque
991 398 1068 459 bello
1092 418 1235 479 cognove-

62 498 147 569 runt,
174 489 281 549 borum
310 491 340 549 in
364 490 442 566 agris
466 486 694 565 civitatibusque
718 487 874 548 considere
898 496 986 566 atque
1014 488 1060 548 bis
1084 496 1236 549 aeternam

61 580 216 655 iniungere
241 572 436 638 servitutem?
480 575 583 655 Neque
607 578 688 636 enim
716 576 774 636 ulla
797 577 851 636 alia
875 576 1049 636 condicione
1072 576 1148 637 bella
1171 596 1236 655 ges·

63 675 175 726 serunt.
217 665 302 736 Quod
327 668 352 726 si
376 683 418 738 ea,
442 682 517 743 qnae
541 667 571 723 in
595 664 764 743 longinquis
784 663 953 725 nationibus
976 673 1130 743 geruntur,
1153 667 1234 745 igno·
1256 682 1288 731 1a

64 757 135 814 ratis
142 801 152 835 ‚
184 757 323 833 respicite
353 754 509 831 finitimam
542 751 679 832 Galliam,
717 771 792 831 quac
827 755 859 811 in
895 755 1076 831 provinciam
1108 754 1236 836 redacta,

62 846 127 902 iure
157 851 187 903 et
213 842 328 922 legibus
357 843 546 902 commutatis
575 840 733 902 securibus
762 841 894 901 subiecta
923 849 1067 921 perpetua
1090 845 1237 920 premitur

63 933 215 992 servitute.

154 1017 205 1081 78.
243 1018 405 1079 Sententiis
435 1019 522 1079 dictis
553 1019 753 1098 constituunt,
784 1027 818 1078 ut
847 1021 881 1100 ii,
913 1021 964 1097 qui
992 1019 1159 1079 valetudine
1187 1029 1238 1080 aut

65 1117 160 1168 aetate
185 1107 305 1168 inutiles
329 1115 399 1167 sunt
421 1106 513 1186 bello,
537 1107 644 1185 oppido
669 1106 826 1186 excedant,
849 1115 937 1185 atque
961 1110 1058 1167 omnia
1081 1111 1165 1187 prius
1188 1127 1237 1168 ex-

64 1199 233 1277 periantur,
263 1214 351 1274 quam
379 1195 414 1255 ad
438 1195 603 1274 Critognati
630 1197 809 1255 sententiam
831 1195 1032 1276 descendant3
1060 1196 1110 1256 illo
1138 1204 1272 1261 tamena

64 1286 163 1364 potius
200 1284 344 1346 utendum
382 1284 520 1363 consilio,
557 1285 583 1343 si
615 1301 664 1343 res
695 1292 781 1362 cogat
814 1292 902 1362 atque
935 1283 1041 1344 auxilia
1073 1292 1238 1365 morentur,

65 1391 152 1452 quam
177 1381 229 1432 ant
251 1373 409 1433 deditionis
432 1379 484 1432 aut
505 1374 587 1450 pacis
611 1371 796 1432 subeundam
819 1372 1032 1433 condicionem.
1077 1373 1274 1454 Mandubiis

65 1464 116 1540 qui
140 1479 191 1521 eos
211 1461 319 1540 oppido
338 1469 523 1540 receperant,
546 1479 614 1520 crim
637 1459 740 1521 liberis
759 1469 847 1539 atque
866 1460 1009 1521 erroribus
1029 1464 1109 1522 exire
1128 1480 1238 1540 cogun-

66 1562 124 1611 tur.
167 1550 212 1631 Hi,
237 1568 306 1610 cum
329 1550 364 1610 ad
389 1551 569 1610 munitiones
592 1549 794 1609 Romanorum
818 1552 1024 1630 accessissent,
1046 1550 1152 1611 tientes
1175 1568 1274 1616 oms

66 1638 154 1698 nibus
177 1638 317 1717 precibus
341 1637 474 1718 orabant,
498 1645 531 1698 ut
550 1656 582 1698 se
601 1640 631 1698 iu
651 1640 825 1698 servitutem
844 1646 981 1718 receptos
1005 1638 1070 1698 cibo
1094 1641 1237 1700 iuvarent.

65 1731 102 1787 At
127 1726 235 1787 Cacsar
257 1727 408 1805 dispositis
432 1728 462 1786 in
487 1726 560 1786 vallo
584 1725 758 1787 custodibus
781 1729 874 1805 recipi
896 1726 1079 1805 prohibebat.
1258 1744 1275 1794 5

156 1812 206 1876 79.
243 1815 360 1876 Interea
388 1814 540 1875 Commius
567 1815 735 1892 reliquique
763 1815 868 1897 duces,
902 1815 1011 1893 quibus
1041 1834 1155 1876 summa
1185 1819 1240 1876 im·

65 1905 142 1983 perii
171 1905 316 1982 permissa
344 1912 421 1984 erat,
454 1921 522 1963 cum
549 1902 687 1962 omnibus
720 1905 814 1982 copiis
842 1903 878 1962 ad
908 1903 1034 1963 Alesiam
1061 1907 1240 1982 perveniunt

69 2000 99 2053 et
127 1991 201 2052 colle
233 1994 381 2052 exteriore
399 2000 555 2070 occupato
582 2009 642 2050 non
665 1990 783 2070 longius
805 1991 885 2050 mille
908 1991 1045 2069 passibus
1070 1992 1105 2052 ab
1129 1994 1240 2052 nostris

67 2079 283 2141 munitionibus
314 2080 482 2141 considunt.
532 2079 656 2140 Postero
688 2079 735 2139 die
764 2082 898 2157 equitatu
929 2097 964 2138 ex
995 2083 1100 2140 castris
1133 2080 1275 2146 eductoa

67 2187 185 2229 omnem
213 2187 278 2229 eam
304 2169 474 2248 planiciem,
505 2185 593 2246 quam
619 2169 651 2227 in

678 2167 894 2245 longitudinem
917 2170 974 2228 tria
997 2167 1076 2228 milia
1098 2187 1241 2248 passuum

67 2267 169 2336 patere
198 2257 478 2338 demonstravimus,
512 2256 661 2335 complent
690 2255 904 2336 pedestresque
933 2259 1033 2335 copias
1061 2258 1182 2336 paulum
1204 2257 1240 2317 ab

67 2480 218 2551 negativen
232 2480 348 2562 Fragen.
364 2496 498 2549 -quos
516 2510 549 2520 -
569 2480 627 2534 ho·

67 2571 151 2606 rum:
178 2552 248 2606 fiber
275 2550 319 2604 dre
344 2549 534 2620 Satastellung
557 2569 578 2605 s.
602 2558 627 2620 1,

16 2684 24 2690 ,
69 2630 101 2677 13
120 2622 232 2692 Aniang
249 2641 284 2676 au
302 2620 378 2690 quod
394 2621 450 2690 ipsi
469 2651 502 2661 -
521 2622 627 2676 iecisse.

69 2726 102 2733 -
122 2696 297 2748 aeternam
315 2691 497 2760 iniungere
521 2692 629 2748 servi·

67 2767 189 2818 tutem:
214 2763 295 2817 dulim
318 2763 393 2816 steht
416 2763 488 2817 oben
512 2763 541 2816 in
564 2763 630 2818 dem

69 2836 162 2889 Satze:
182 2835 271 2889 nolite
288 2834 339 2888 hos
353 2837 405 2887 etc.
424 2833 545 2887 welcher
558 2834 629 2886 Aus-

69 2906 173 2960 druck?
193 2935 228 2945 -
246 2904 363 2971 Neque
387 2903 475 2957 enim
497 2904 583 2959 nlla:
608 2921 629 2959 s.
652 2962 656 2967 ,

69 2983 94 3040 5,
112 2982 144 3030 17
164 2993 198 3028 zu
217 2991 306 3043 nequo
325 2989 472 3045 umquam3
491 2974 565 3028 ulla
583 2991 631 3044 go-

69 3049 135 3101 hort
165 3064 199 3100 zu
225 3045 310 3099 bella.
337 3076 370 3084 -
398 3044 476 3098 alia
503 3044 631 3099 condi·

70 3119 180 3172 cione:
199 3115 322 3185 Bsispiel
335 3115 385 3170 der
395 3116 449 3169 Art
461 3115 631 3184 undWeise‚

69 3208 103 3242 zu
135 3188 199 3242 dem
228 3187 274 3242 nio
302 3187 354 3241 sub
386 3187 494 3256 gesetzt
519 3186 631 3241 werden

69 3261 153 3314 kann.
197 3257 291 3327 Vergl.
318 3264 346 3326 1,
369 3263 417 3325 32,
442 3263 457 3311 2
481 3275 515 3311 an
538 3256 631 3326 capite

71 3329 199 3386 demisso.
219 3361 252 3369 -
273 3335 313 3384 te.
335 3327 429 3393 Quod
448 3329 488 3382 si:
508 3334 630 3397 ε.1,14,

72 3408 141 3456 3211
164 3401 191 3455 d.
210 3400 255 3454 W.
275 3429 309 3440 -
331 3399 472 3453 redacta
490 3429 523 3438 -
547 3399 631 3453 sub-

69 3472 172 3526 iecta:
198 3470 267 3525 iiber
291 3470 343 3524 das
365 3470 529 3539 Asyndeton
554 3469 630 3524 sieho

72 3552 102 3611 1,
125 3548 159 3597 20
182 3536 270 3595 Ende.
294 3571 329 3580 -
351 3540 530 3595 securibus
554 3541 631 3594 sub·

70 3615 178 3668 iectu:
197 3613 234 3666 da
253 3627 362 3666 secures
381 3611 432 3664 das
446 3615 556 3665 aussere
570 3609 632 3665 Zei-

71 3686 143 3739 chen
168 3684 217 3737 der
241 3681 337 3736 Macht
361 3681 419 3734 und
445 3680 556 3736 Gewalt
582 3681 632 3736 der

72 3751 632 3822 Consulnu.Proconsulnwaron‚itbers.:

73 3827 124 3881 der
142 3839 308 3895 grausamen
326 3822 498 3877 Herrschait.

108 3965 174 4035 Cap.
200 3970 241 4020 78.
276 3972 300 4020 1.
325 3964 504 4031 excedant,
528 3965 633 4033 atque

72 4069 107 4078 -
127 4036 363 4105 experiantur:
382 4034 464 4101 beide
476 4034 571 4090 Verba
584 4035 633 4089 lra-

71 4111 128 4164 ben
159 4106 357 4162 verschiedene
381 4105 529 4188 ‘Sub'ecte3
561 4105 635 4160 nach

73 4177 635 4317 tttttttttttcrtrtt·:

74 4328 98 4376 2.
118 4289 297 4376 utendum:
321 4288 537 4441 Uebergang'in
557 4290 634 4371 orac.

74 4392 129 4447 obl.
157 4407 222 4446 vom
250 4389 328 4460 conj.
355 4389 386 4444 in

433 4405 468 4442 en
494 4388 573 4442 Infin.
600 4418 634 4427 -
664 4401 667 4407 ’

682 2487 706 2535 3.
728 2479 918 2536 Mandubii:
942 2482 986 2536 die
1010 2482 1164 2536 Bewohner
1187 2499 1242 2535 von
1307 2518 1308 2521 η

681 2551 785 2607 Alesia.
809 2583 844 2591 —
871 2553 998 2621 oppido
1024 2554 1241 2620 receperant:

681 2621 712 2675 in
739 2623 840 2677 andrer
861 2623 976 2678 Bedeut.
1003 2624 1060 2677 und
1087 2622 1241 2677 construet.

683 2694 759 2748 steht
780 2693 906 2761 recipere
929 2711 951 2748 c.
977 2700 1019 2749 71.
1044 2724 1078 2733 -
1105 2711 1176 2748 cum
1201 2693 1243 2748 li-

682 2764 775 2818 beris
794 2766 897 2831 atquc
915 2763 1092 2818 uxoribus:
1111 2764 1179 2818 iiber
1197 2764 1243 2818 die

684 2833 814 2903 Stellung
831 2851 851 2887 s.
871 2851 894 2888 c.
915 2841 957 2903 14,
977 2840 1018 2888 10.
1056 2835 1151 2904 Vergl.
1170 2835 1243 2889 noch

684 2912 710 2972 4,
727 2911 758 2959 19
778 2905 888 2972 liberos,
907 2922 1007 2960 uxores
1022 2921 1127 2974 suaque
1141 2905 1242 2959 omnia.

686 3007 719 3017 —
744 2984 769 3028 4.
789 2976 944 3031 omnibus
967 2976 1127 3045 precibus
1151 2976 1242 3030 ilbers.

685 3046 772 3101 durch
791 3046 836 3100 ein
850 3047 963 3101 Adverb
975 3047 1015 3100 im
1031 3045 1197 3116 Superlatir.
1209 3077 1243 3086 -

686 3123 710 3171 5.
738 3116 849 3186 recipi
875 3117 966 3172 iibere.
993 3118 1066 3171 nach
1094 3124 1122 3185 1,
1150 3123 1185 3171 44
1210 3136 1245 3190 pu

685 3187 757 3258 geri:
781 3187 905 3256 Beispiel
927 3188 973 3241 fiir
994 3187 1040 3243 dio
1063 3186 1169 3244 constr.
1188 3205 1244 3245 von

684 3258 841 3328 prohibere.
878 3258 941 3328 Vgl.
962 3265 987 3328 2,
1005 3265 1031 3328 4,
1050 3265 1074 3315 2.

720 3400 787 3469 Cap.
808 3406 848 3455 79.
883 3408 907 3455 1.
931 3401 972 3455 ad
995 3401 1143 3456 Alesiam
1167 3418 1245 3472 per·

684 3471 841 3527 veniunt:
864 3489 884 3526 s.
906 3479 935 3540 l,
955 3478 970 3526 7
990 3491 1024 3526 cu
1047 3473 1083 3526 ad
1102 3472 1245 3528 Genavam

684 3541 819 3613 pervenit.
839 3575 872 3583 -
892 3543 983 3598 colle
1002 3544 1191 3599 exteriore:
1215 3561 1246 3599 er

684 3615 734 3682 lag
765 3614 927 3671 ausserhalb
964 3614 1013 3669 der
1044 3614 1245 3684 Belagerungs-

685 3684 1246 3755 werkedesOtsar;„dercollisistwahr-

686 3755 839 3811 sclreinlich
858 3758 902 3812 die
920 3757 1038 3838 Anbbhe
1056 3771 1112 3810 von
1125 3755 1245 3837 Popilie-

686 3825 1246 3978 :a,catecuminorum

688 3967 795 4022 (lasar's
824 3966 1155 4023 circumvallationshme
1187 3967 1246 4021 srclr

687 4039 787 4093 erhebt
808 4039 866 4093 und
889 4042 961 4093 etna
981 4037 1030 4108 1¹s,
1052 4036 1156 4092 Stunde
1179 4037 1247 4106 lang

687 4109 744 4163 und
767 4109 830 4163 eine
853 4109 937 4164 balbe
956 4107 1062 4163 Stunde
1086 4107 1159 4163 broit
1180 4108 1246 4162 ist.“

688 4208 722 4218 -
742 4179 879 4250 longius
898 4179 996 4233 mille
1018 4176 1189 4247 passibus:
1214 4197 1247 4233 zu

687 4250 809 4304 welcher
830 4250 919 4320 Rege]
942 4249 987 4305 ein
1009 4249 1149 4318 Beispiel?
1167 4280 1202 4289 -
1221 4256 1246 4302 2.

689 4320 890 4390 planiciem:
910 4339 930 4376 s.
946 4338 968 4375 c.
984 4327 1026 4376 69.
1042 4350 1076 4360 -
1095 4319 1246 4376 abditas:

689 4391 923 4462 zuritclrgezogen,
937 4392 967 4447 in
982 4391 1129 4447 derselben
1142 4391 1247 4446 Beden-

981 4479 1035 4535 17*
