2804 4778
143 217 186 283 56
547 217 595 271 Du
615 217 732 272 BELLO
752 217 909 273 GALLIOO

109 394 124 442 3
145 403 234 446 causa
258 404 326 464 spes
348 385 485 465 potiundi
512 384 613 463 oppidi
635 384 781 444 discessit.
826 383 929 463 ltaque
956 383 1107 463 paulisper
1134 383 1212 462 apud
1236 386 1325 463 oppi-

145 473 216 534 dum
240 475 345 534 morati
368 491 514 552 agrosque
533 472 695 533 Remorum
714 471 885 551 depopulati
907 471 1045 532 omnibus
1068 474 1140 532 vicis
1164 472 1324 533 aediliciis·

146 581 218 643 que,
246 580 321 641 quos
349 561 430 621 adire
457 568 630 640 potuerant,
660 562 790 621 incensis
823 561 858 621 ad
889 568 986 620 eastra
1015 559 1149 620 Caesaris
1179 559 1327 643 omuibus

146 652 239 728 copiis
263 649 482 711 contenderunt
506 657 537 710 et
558 648 594 708 ab
619 648 737 709 milibus
760 666 902 726 passuum
920 650 1019 708 minus
1042 647 1069 707 ll
1092 656 1188 709 castra
1210 667 1323 729 posue·

109 747 228 818 arunt,
257 757 332 817 quae
357 745 466 817 castra,
496 745 530 798 nt
554 738 635 796 fumo
666 745 754 815 atque
782 736 901 815 ignibus
928 736 1163 816 significabatur,
1192 736 1325 818 amplius

144 825 264 887 milibus
287 844 430 905 passuum
452 824 518 885 Vlll
541 827 572 885 in
595 824 781 885 latitudinem
803 823 951 903 patebant.

235 911 396 985 &Caesar
417 915 515 992 primo
539 921 570 973 et
591 922 716 992 propter
744 912 964 974 multitudinem
985 913 1117 973 hostium
1141 921 1173 973 et
1193 921 1326 993 propter

110 1005 281 1063 aeximiam
320 1004 489 1082 opinionem
527 1003 644 1062 virtutis
676 1001 790 1080 proelio
828 1001 1024 1080 supersedere
1061 1003 1177 1081 statuit,
1209 1000 1324 1062 cotidie

145 1098 244 1151 tamen
263 1089 454 1170 equestribus
477 1089 607 1170 proeliis,
626 1089 697 1168 quid
721 1089 814 1150 bostis
833 1092 942 1150 virtute
962 1097 1063 1167 posset
1082 1097 1111 1149 et
1130 1089 1202 1167 quid
1222 1092 1323 1150 nostri

109 1189 124 1236 3
145 1179 299 1259 auderent,
321 1177 553 1258 periclitabatur.
590 1176 647 1238 Ubi
670 1185 789 1238 nostros
813 1196 872 1238 uon
897 1196 962 1238 esse
986 1178 1144 1237 interiores
1164 1177 1325 1258 intellexit,

144 1268 210 1328 loco
234 1285 288 1346 pro
308 1269 413 1327 castris
437 1266 472 1327 ad
496 1269 589 1327 aciem
608 1266 813 1326 instruendam
836 1274 941 1326 natura
959 1273 1127 1345 opportuno
1146 1273 1236 1344 atque
1256 1265 1319 1326 ido·

145 1373 218 1436 neo,
242 1355 320 1434 quod
343 1357 369 1415 is
393 1354 489 1436 collis,
518 1354 570 1415 nbi
593 1362 689 1415 eastra
711 1356 808 1434 posita
831 1362 930 1433 erant,
957 1353 1109 1432 paululum
1133 1372 1169 1413 ex
1191 1353 1323 1432 planicie

146 1443 242 1504 editus
265 1451 381 1504 tantum
403 1442 545 1504 adversus
568 1445 599 1503 in
622 1442 808 1503 latitudinem
835 1440 967 1523 patebat,
991 1449 1134 1520 quantum
1157 1440 1217 1502 loci
1239 1445 1323 1503 acies

145 1535 291 1592 instructa
314 1550 460 1612 occupare
484 1538 609 1613 poterat,
632 1537 721 1608 atque
744 1547 781 1590 ex
804 1538 931 1608 utraque
954 1538 1037 1609 parte
1058 1529 1160 1590 lateris
1183 1529 1322 1590 deiectus

109 1629 127 1678 4
145 1619 272 1680 habebat
295 1627 325 1680 et
347 1623 379 1680 in
399 1621 527 1680 frontem
550 1619 659 1679 leniter
678 1620 831 1696 fastigatus
850 1619 991 1697 paulatim
1009 1617 1046 1677 ad
1065 1618 1221 1697 planiciem
1240 1617 1322 1678 redi·

145 1708 204 1789 bat,
227 1708 263 1767 ab
287 1717 415 1786 utroque
438 1708 531 1768 latere
555 1710 620 1768 eius
644 1707 727 1766 collis
755 1715 954 1767 transversam
982 1707 1092 1766 lossam
1114 1705 1238 1766 obduxit
1261 1709 1318 1767 cir·

145 1798 220 1856 riter
242 1815 384 1876 passuum
408 1795 455 1855 (ΙΙ)
480 1804 510 1856 et
533 1796 569 1855 ad
592 1803 739 1855 extremas
768 1795 862 1855 lossas
893 1794 1012 1855 castella
1039 1795 1195 1855 constituit
1217 1793 1323 1874 ibique

145 1893 292 1945 tormenta
316 1884 480 1965 collocavit,
503 1903 550 1964 ne,
574 1902 643 1944 cnm
666 1886 759 1943 aciem
782 1884 987 1963 instruxisset,
1009 1882 1124 1964 hostes,
1153 1881 1231 1961 qnod
1255 1891 1319 1943 tan-

146 1982 210 2040 tum
229 1972 417 2034 multitudiue
440 1980 588 2054 poterant,
606 1971 642 2032 ab
666 1970 808 2032 lateribus
826 1979 993 2052 pugnantes
1012 1989 1083 2032 suos
1101 1972 1321 2032 circumvenire

110 2070 126 2119 o
145 2068 276 2140 possent.
317 2059 381 2121 Hoc
405 2062 482 2121 lacto
506 2060 621 2121 duabus
644 2059 818 2141 legionibus,
842 2078 915 2138 quas
934 2061 1067 2138 proxime
1091 2060 1323 2140 conscripserat,

145 2151 305 2209 incastris
334 2148 460 2230 relictis,
489 2158 535 2230 ut,
565 2152 591 2208 si
622 2167 680 2228 quo
708 2167 783 2228 opus
812 2157 904 2229 esset,
932 2146 1065 2208 subsidio
1092 2140 1161 2209 duci
1188 2156 1323 2229 possent,

146 2317 309 2374 accessit:
324 2317 483 2383 dalfirtsltt
498 2318 607 2372 animus
622 2335 706 2387 auge·
761 2318 828 2372 oder
855 2319 945 2373 iibere.
973 2317 1023 2372 ubi
1050 2349 1083 2357 -
1111 2316 1252 2387 intellexit
1278 2317 1324 2372 als

145 2391 199 2443 tur.
219 2419 251 2428 -
275 2388 437 2456 potiundi
459 2388 591 2458 oppidi:
620 2389 707 2458 potiri
760 2389 929 2458 Hauptsatz:
952 2388 1014 2442 hier
1037 2405 1095 2442 nun
1116 2405 1144 2442 n.
1163 2407 1184 2442 s.
1203 2406 1237 2445 w.
1261 2387 1322 2442 und

145 2459 241 2515 warde
270 2458 355 2526 auch,
381 2459 492 2514 obwohl
522 2459 624 2526 seiten,
653 2458 707 2514 mit
760 2459 880 2529 beginne
905 2459 959 2513 mit
980 2459 1042 2512 loeo
1062 2489 1095 2498 -
1114 2458 1214 2513 idoneo
1238 2457 1321 2513 einen

145 2530 244 2583 Aecus.
263 2529 436 2595 verbunden,
460 2530 558 2584 darum
582 2531 657 2585 kann
677 2547 705 2584 es
760 2545 851 2584 neuen
871 2529 947 2584 Satn:
967 2530 1004 2583 da
1022 2528 1071 2584 der
1089 2527 1141 2583 Ort
1157 2547 1183 2585 n.
1199 2548 1220 2584 s.
1233 2547 1269 2583 w.
1284 2559 1320 2569 -

145 2599 218 2654 anch
249 2599 288 2654 im
316 2599 458 2656 Gerundiv
484 2601 590 2656 stehen.
618 2631 651 2640 -
680 2607 705 2656 3.
759 2599 832 2654 ubi:
869 2601 938 2671 iiber
966 2600 1016 2654 ubi
1040 2617 1062 2654 s.
1091 2605 1120 2668 1,
1146 2605 1180 2654 38
1211 2618 1246 2654 nu
1270 2599 1320 2668 ibi,

146 2670 301 2725 omnibus
329 2671 416 2726 vicis
442 2670 705 2741 aedificiisque,
759 2687 805 2724 am
832 2670 919 2725 Ende.
947 2701 980 2710 —
1008 2673 1154 2726 tantum:
1188 2672 1260 2739 (nur)
1289 2687 1320 2725 so

146 2759 240 2810 quos:
270 2743 320 2796 das
347 2742 459 2797 Relatis
487 2743 538 2796 auf
561 2744 638 2797 vicos
662 2743 704 2797 als
758 2741 827 2809 viel,
856 2758 887 2797 so
914 2740 989 2796 weit.
1018 2771 1050 2781 κ
1084 2741 1249 2796 adversus
1281 2741 1322 2795 ist

146 2813 200 2866 den
213 2813 508 2868 umfassenderennnd
521 2812 704 2883 wichtigercn
757 2811 896 2881 Partieip,
921 2829 1004 2878 vom,
1031 2811 1096 2866 di.
1121 2827 1157 2866 an
1180 2812 1230 2866 der
1255 2811 1320 2866 dem

146 2882 253 2954 Begriff
264 2883 396 2953 benogen.
409 2916 441 2923 -
457 2883 610 2938 incensis
625 2884 704 2939 ziehe
758 2882 863 2938 Feinde
880 2882 1099 2952 zugewendeten
1117 2882 1200 2937 Seite.
1217 2913 1251 2923 -
1271 2882 1320 2936 la-

145 2973 178 3008 nu
193 2954 396 3009 contenderunt
408 2956 466 3009 und
479 2955 570 3009 iibere.
587 2971 617 3010 es
631 2955 705 3009 nach
758 2954 844 3009 teris
867 2954 1039 3008 deiectus:
1069 2953 1150 3008 steila
1172 2954 1320 3022 Abhttnge,

147 3025 251 3092 1,3b.
266 3042 293 3079 u.
307 3025 559 3081 d.—omnibus
579 3025 704 3093 copiis:
758 3023 804 3079 die
844 3024 890 3079 die
922 3023 1024 3078 beiden
1056 3023 1151 3078 Seiton
1186 3015 1323 3091 bildeten,

144 3094 233 3149 wdfiir
257 3095 307 3149 der
329 3096 422 3150 blosse
441 3095 556 3150 Ablativ
578 3096 624 3149 ein
643 3096 704 3150 Bei—
759 3094 855 3165 steila,
869 3094 1050 3162 abachiissige
1066 3093 1169 3150 Seiten.
1184 3125 1218 3134 -
1237 3096 1271 3149 et
1285 3124 1322 3134 -

145 3165 234 3234 spiel?
263 3166 431 3219 Ausserdem
453 3167 540 3234 vergl.
566 3173 595 3232 3,
614 3172 648 3221 23
671 3185 705 3220 zu
759 3165 911 3220 redibat:
930 3165 988 3219 und
1006 3166 1078 3219 nach
1096 3181 1166 3220 vorn
1184 3165 1225 3234 (in
1247 3165 1321 3218 fron·

145 3251 249 3303 magna
274 3251 337 3289 enm
360 3236 434 3290 hom.
458 3236 646 3291 multitudine.
671 3267 704 3276 -
759 3237 828 3303 mm)
847 3236 901 3303 (fiir
918 3236 948 3289 in
966 3237 1087 3290 frontem
1106 3237 1157 3290 hat
1174 3236 1219 3290 die
1230 3235 1273 3289 W.
1285 3237 1320 3292 A.

145 3305 187 3358 ab
201 3304 355 3360 milibus:
370 3322 387 3359 a
400 3306 564 3361 bezeichnet
577 3306 622 3360 die
635 3307 705 3360 Eut·
758 3305 787 3358 in
803 3306 907 3360 fronte:
927 3324 963 3361 an
977 3307 1027 3361 der
1039 3306 1229 3377 Vorderseite)
1244 3305 1321 3360 sanft

144 3375 272 3445 fernung,
283 3375 337 3431 den
351 3377 490 3430 Abstand:
504 3376 534 3430 in
548 3377 624 3431 einer
638 3377 705 3431 Eut
759 3376 819 3429 sich
837 3377 1001 3431 abdacbend
1022 3377 1135 3445 (leniter
1156 3377 1320 3446 fastigatus)

146 3446 267 3515 fernung
293 3462 356 3501 von.
393 3447 487 3516 Vergl.
516 3454 546 3514 4,
574 3453 622 3501 22:
650 3449 705 3501 huc
760 3447 819 3501 sich
842 3447 994 3511 nach‚und
1016 3448 1090 3501 nach
1112 3447 1144 3501 in
1161 3448 1206 3502 die
1224 3448 1321 3502 Ebene

146 3516 318 3571 accedebant
342 3547 375 3556 -
398 3533 496 3586 naves,
520 3533 591 3586 qnae
615 3535 648 3572 ex
672 3536 704 3573 eo
758 3517 862 3572 wieder
880 3517 1319 3589 vertor.-—4.transversaml:

145 3587 208 3641 loeo
223 3587 259 3640 ab
273 3587 385 3643 milibus
399 3604 531 3657 passuum
544 3591 608 3643 octo
622 3592 706 3644 vento
760 3587 790 3641 in
816 3589 948 3657 sehrtger
974 3589 1118 3658 Richtung
1145 3591 1247 3659 (gagen
1274 3588 1321 3644 die

144 3658 320 3712 tenebantur.
342 3689 375 3699 -
395 3661 509 3714 castra
523 3676 705 3729 —quae—
761 3658 890 3729 Stellung
908 3659 957 3713 der
971 3660 1094 3729 Feinde).
1111 3691 1144 3699 -
1160 3658 1320 3715 obduxit:

147 3731 276 3783 eastra:
295 3729 417 3798 Beispiel
431 3748 464 3783 zu
479 3730 569 3785 einem
583 3731 706 3785 bekann-
761 3746 813 3800 zog
826 3747 877 3785 vor
891 3733 948 3800 (um
963 3730 1008 3784 die
1022 3730 1127 3785 Feinde
1141 3729 1320 3798 abnnhalten‚

146 3801 194 3853 teu
214 3798 473 3870 Spraehgebraueh.
673 3824 675 3828 >
760 3801 815 3855 den
832 3801 954 3856 Romanu
980 3802 1010 3855 in
1029 3800 1074 3855 die
1091 3801 1198 3855 Flaulre
1216 3818 1251 3854 an
1268 3801 1321 3855 fata

759 3871 823 3942 len).
835 3904 868 3912 -
883 3889 1045 3941 passuum
1065 3871 1320 3941 quadringenta

182 3939 248 4010 Cap.
263 3947 287 3998 8.
308 3947 332 3995 1.
348 3941 494 3996 virtutis
512 3943 573 3996 riba.
588 3943 660 3998 nach
681 3949 705 4010 1,
758 3943 844 3997 nami.
862 3943 892 3997 in
910 3943 956 3997 die
975 3943 1079 4012 binga.
1097 3973 1131 3983 —
1151 3945 1321 3999 extremae

146 4017 215 4064 2211
233 4013 314 4082 regni
333 4014 359 4067 b.
382 4042 411 4052 -
436 4019 461 4067 3.
481 4013 557 4068 loco
577 4013 705 4068 -ido-
758 4014 849 4068 libers.
872 4013 947 4066 nach
971 4019 999 4078 1,
1024 4019 1056 4067 22
1081 4031 1115 4067 zu
1138 4013 1230 4082 prima
1247 4013 1321 4070 luce.
1349 4060 1352 4069 .

145 4097 208 4136 neo
233 4082 295 4136 sind
317 4083 412 4138 Ablat.
435 4085 507 4153 abs,
531 4084 585 4138 deu
609 4084 705 4139 Grund
760 4086 1090 4153 -bquasproxime
1105 4083 1321 4155 conscripse-

145 4153 346 4220 bezeiohnend3
378 4155 438 4209 ldse
465 4155 505 4209 sie
537 4155 578 4209 als
611 4154 705 4209 solohe
759 4160 813 4208 rat
831 4155 922 4209 iibens.
943 4154 1022 4209 nicht
1039 4155 1178 4210 wbrtlich.
1197 4184 1231 4194 -
1250 4172 1322 4224 quo

146 4223 207 4290 aui,
227 4223 303 4279 ziehe
322 4224 362 4279 sie
380 4224 409 4278 in
428 4225 478 4280 der
496 4226 705 4294 Uebersetzung
758 4224 798 4279 ist
815 4225 885 4280 Adv.
905 4225 973 4280 loci:
998 4225 1200 4295 irgendwohin.
1222 4255 1260 4266 -·
1281 4230 1325 4283 nt

146 4311 209 4347 xum
218 4294 395 4361 Vordersata,
414 4295 453 4348 sie
461 4296 521 4359 mit
539 4296 630 4364 ,‚und“
641 4296 706 4349 dem
760 4326 793 4334 -—
812 4300 955 4365 possent
972 4296 1145 4364 urnschreibt
1159 4297 1209 4351 das
1223 4296 1322 4353 Wortr

130 4361 217 4415 Setae
241 4365 294 4417 ubi
311 4365 458 4420 intellexit
481 4365 706 4434 anscbliessend;
760 4366 819 4437 „als
837 4366 984 4423 lteserve¹‘¹
1283 4386 1305 4407 ··
1345 4394 1348 4399 ·
