2804 4778
518 217 587 272 LIB.
606 217 651 273 IV.
682 218 757 273 CAP.
776 225 853 274 3-e.

1207 222 1271 287 103

98 384 209 443 ilumen
233 385 417 444 transierunt
440 393 529 463 atque
557 384 695 445 omnibus
723 403 828 446 eorum
855 386 996 448 aediliciis
1026 392 1179 469 occupatis
1202 389 1269 450 reli·

99 490 187 552 quam
209 482 325 551 partem
347 472 454 532 hiemis
478 491 510 533 se
535 491 637 534 eorum
662 476 756 553 copiis
779 473 925 536 aluerunt.

188 557 216 622 5.
241 560 293 622 His
325 561 361 620 de
390 560 481 622 rebus
510 561 618 622 Caesar
650 564 761 622 certior
793 563 889 624 factus
917 574 947 625 et
975 566 1176 627 infirmitatem
1205 567 1270 627 Gal·

102 648 196 710 lorum
224 653 349 729 veritus,
380 650 460 728 quod
490 658 560 712 sunt
587 653 617 711 in
641 650 773 710 consiliis
801 652 952 730 capiendis
979 654 1104 715 mobiles
1132 663 1162 715 et
1185 659 1270 716 novis

102 738 273 817 plerumque
293 737 384 798 rebus
408 739 538 818 student,
561 740 635 800 nihil
658 740 705 800 his
725 741 970 802 committendum
993 745 1179 804 existimavit.
1216 743 1305 806 Este

102 831 177 888 erim
200 827 256 887 hoc
281 826 407 888 Gallicae
432 828 665 910 consuetudinis,
688 830 732 889 uti
757 838 787 889 et
810 831 937 889 viatores
961 833 1050 891 etiam
1072 833 1180 892 invitos
1200 850 1269 892 con·

103 918 203 976 sistere
228 924 334 994 cogant
358 910 396 995 et,
420 917 491 995 quid
516 919 643 995 quisque
671 935 776 977 corum
800 918 835 978 de
866 936 982 996 quaque
1011 938 1044 979 re
1068 919 1196 981 audierit
1219 929 1270 982 aut

102 1007 277 1084 cognoverit,
301 1013 459 1083 quaerant,
483 1015 513 1065 et
537 1013 718 1065 mercatores
745 1007 776 1065 in
800 1005 917 1085 oppidis
941 1006 1045 1087 vulgus
1069 1010 1270 1071 circumsistat

100 1092 265 1171 ¹quibusque
289 1112 325 1152 ex
348 1092 521 1172 regionibus
544 1095 663 1154 veniant
687 1111 819 1172 quasque
843 1093 885 1154 ibi
908 1113 957 1156 res
977 1099 1178 1178 cognoverint,
1200 1116 1269 1176 pro·

102 1185 234 1242 numiare
259 1191 373 1259 cogant.
410 1181 463 1241 His
487 1180 578 1242 rebus
601 1190 689 1260 atque
708 1182 910 1243 auditionibus
933 1188 1060 1263 permoti
1084 1185 1120 1245 de
1145 1189 1268 1246 summis
1288 1202 1304 1249 3

102 1288 184 1349 saepe
218 1269 309 1329 rebus
342 1270 464 1330 consilia
501 1272 619 1349 ineunt,
652 1274 780 1348 quorum
813 1289 864 1332 eos
896 1274 928 1332 in
961 1277 1084 1352 vestigio
1114 1277 1268 1352 poenitere

102 1376 219 1418 neccsse
239 1366 293 1438 est,
318 1377 386 1418 cum
409 1361 532 1418 incertis
551 1358 723 1419 rumoribus
747 1362 885 1441 serviant,
905 1369 934 1422 et
957 1362 1092 1440 plerique
1111 1362 1148 1422 ad
1167 1363 1269 1423 volun-

99 1456 188 1507 taten
212 1465 316 1508 eorum
339 1447 406 1507 ficta
430 1447 637 1527 respondeant.
697 1462 702 1469 ¹

184 1533 214 1597 6.
240 1535 304 1606 Qua
328 1537 544 1597 consuetudine
569 1538 686 1615 cognita
710 1535 826 1616 Caesar,
849 1556 886 1597 ne
910 1539 1038 1616 graviori
1064 1538 1141 1599 hello
1165 1558 1269 1600 occur-

101 1633 186 1704 reret,
209 1626 368 1698 maturius,
398 1643 485 1703 quam
513 1634 684 1706 consuerat,
712 1625 748 1685 ad
776 1628 941 1687 exercitum
969 1628 1178 1706 proficiscitur.
1224 1627 1303 1692 an

101 1731 171 1773 cum
188 1715 325 1793 venisset,
350 1731 392 1794 ee,
416 1732 491 1792 quae
515 1714 579 1773 fore
603 1717 771 1793 suspicatus
795 1724 868 1794 eret,
891 1715 968 1775 lecta
987 1719 1137 1794 cognovit:
1161 1719 1266 1778 missas
1285 1733 1301 1780 3

100 1801 256 1879 legationes
286 1801 321 1861 ab
350 1801 500 1862 nonnullis
528 1801 696 1862 civitatibus
724 1802 760 1862 ad
788 1802 950 1863 Germanos
977 1806 1176 1884 invitatosque
1205 1823 1266 1879 eos,

100 1893 146 1949 uti
163 1890 198 1950 ab
222 1889 326 1950 Rheno
351 1890 549 1970 discederent,
573 1893 739 1970 omniaque,
763 1909 838 1969 quae
861 1891 1072 1972 postulassent,
1095 1892 1182 1953 absc
1202 1893 1265 1954 fore

101 1988 224 2057 parata·
252 1978 316 2049 Qua
341 1997 397 2057 spe
430 1977 550 2038 adducti
577 1972 717 2038 Germani
751 1978 839 2038 latius
868 1978 1049 2057 vagabantur
1077 1989 1106 2041 et
1133 1983 1165 2040 in
1193 1981 1305 2045 tinesa

98 2065 268 2128 Eburonum
296 2074 326 2128 et
353 2065 590 2147 Condrusorum,
624 2068 675 2144 qni
709 2075 780 2127 sunt
807 2066 1006 2128 Treverorum
1035 2068 1171 2149 clientes,
1201 2087 1279 2148 per-.

138 2251 197 2320 Cap.
217 2259 242 2306 5.
261 2259 284 2308 i.
303 2251 562 2307 infirmitatem:
581 2271 655 2308 wan·

100 2323 290 2392 kelmtithigen
309 2322 470 2379 Charakter.
490 2355 523 2364 -
545 2324 654 2378 consi·

100 2393 159 2446 liis
185 2394 379 2462 capiendis:
411 2395 480 2449 iiber
512 2395 655 2465 capiendis

99 2464 176 2518 siehe
190 2472 215 2530 1,
232 2471 247 2519 2
267 2483 302 2518 ιι
319 2464 458 2531 inductus,
478 2465 545 2520 oder
563 2467 653 2521 iibere.

98 2535 171 2589 nach
187 2543 210 2604 1,
225 2541 241 2589 3
260 2554 293 2589 ιι
310 2553 398 2605 regno
417 2539 551 2604 occupato
570 2538 653 2593 aod.

95 2622 121 2660 c.
151 2607 213 2660 an
228 2607 381 2662 Gedanken
399 2607 456 2676 vgl.
476 2615 501 2674 2,
521 2614 549 2674 13
568 2614 654 2677 a,1o,

97 2683 141 2730 19.
157 2707 186 2717 -
199 2677 289 2731 nihil
306 2679 359 2732 his
374 2679 656 2734 committendum

99 2746 323 2803 existimavit:
355 2767 385 2804 er
416 2749 531 2818 glaubte
561 2750 656 2805 diesen

97 2818 185 2872 nichts
203 2824 389 2874 anvertrauen
412 2839 446 2873 ιι
464 2820 564 2875 diirfen
582 2821 607 2876 d.
627 2822 655 2876 h.

97 2889 185 2943 nichts
204 2890 255 2944 aui
275 2890 351 2944 dieue
376 2891 545 2945 ankommen
562 2891 656 2946 lassen

97 2978 132 3012 ιι
163 2959 258 3014 curten
290 2962 378 3026 (diese
409 2962 524 3016 vviirden
556 2978 655 3032 wegen

97 3031 654 3102 ihreswandelbarentlbaraktersleicht‚

97 3118 179 3154 wenn
192 3103 231 3156 sie
248 3103 299 3156 auf
315 3103 360 3156 die
374 3103 459 3157 Hr'ilt'e
479 3104 528 3158 der
542 3103 655 3159 Germa-

97 3188 153 3225 nen
186 3175 304 3228 reohnen
336 3174 472 3240 kbnnten,
507 3174 566 3229 sich
599 3192 655 3231 von

99 3243 203 3298 Nenerr
220 3250 351 3313 emporen
366 3245 424 3299 und
442 3245 487 3300 die
502 3264 556 3302 von
571 3247 656 3303 Odsar

94 3312 274 3383 hengestellte
285 3316 366 3370 Ruhe
375 3317 488 3386 stdren).
496 3347 531 3357 —
541 3324 564 3371 2.
575 3317 655 3373 Gai·

98 3383 186 3438 licae
205 3387 291 3440 ibere.
311 3387 384 3441 nach
402 3393 428 3456 3,
447 3393 463 3440 ὅ
484 3406 519 3441 ιι
536 3387 655 3444 Nervico

96 3455 212 3523 proelio.
223 3488 257 3496 -
273 3456 355 3526 quid
369 3487 403 3497 -
419 3460 600 3525 quaerant:
620 3478 655 3512 ιι

97 3529 230 3593 quaerant
248 3528 327 3582 aiche
345 3529 387 3583 als
402 3527 503 3598 Object
519 3528 569 3584 das
585 3529 655 3584 Sub-

92 3595 156 3664 ject
187 3595 234 3651 des
263 3598 369 3652 diesem
402 3600 656 3669 untergeordneten

99 3666 201 3721 Satzes,
223 3698 252 3709 -
276 3669 400 3736 vulgus
422 3669 656 3725 circumsistat

98 3767 131 3775 -
147 3740 279 3806 cogant:
296 3742 399 3808 cogant
413 3741 486 3794 nach
501 3739 565 3794 dem
577 3739 654 3810 Sing.

95 3807 281 3863 circumsistat
298 3810 337 3864 ist
358 3810 446 3864 leicht
463 3829 498 3864 ιι
517 3810 654 3866 erklitren.

97 3909 132 3918 —
151 3885 176 3932 3.
195 3878 254 3933 His
269 3881 368 3935 rebus
386 3880 456 3935 wird
469 3881 559 3936 durch
577 3881 655 3936 andi·

94 3949 221 4005 tionibus
237 3952 321 4006 uther
340 3953 481 4006 erltutert.
502 3983 532 3993 -
557 3952 653 4006 andi-

96 4021 263 4076 tionibns:
281 4023 407 4090 (blaesos)
426 4022 542 4079 Gerede.
576 4040 653 4093 per·

94 4092 180 4146 moti
195 4092 256 4148 iibs.
270 4095 340 4148 uach
354 4100 378 4162 1,
392 4100 426 4148 37
442 4113 476 4148 ιι
490 4097 654 4150 commotus.

98 4193 132 4202 -
147 4163 181 4216 in
201 4164 358 4232 vestigio,
375 4164 465 4219 vvofdr
479 4182 508 4220 ee
521 4167 654 4236 gevvbhn·

96 4233 332 4304 lichererestigio
340 4235 436 4304 beist,
446 4236 654 4306 ieteigentlich:

95 4303 177 4359 nicht
197 4304 355 4360 verlassend
382 4307 437 4361 den
457 4307 602 4375 Fusstritt‚
625 4307 655 4360 in
674 4360 676 4371 ,

97 4375 232 4429 welchem
250 4375 364 4456 stehend
385 4377 425 4432 sie
444 4381 530 4434 etwas
550 4378 656 4448 gethan

708 2254 809 2321 haben,
823 2254 895 2310 also:
914 2255 965 2308 auf
976 2255 1025 2309 der
1039 2256 1134 2311 Stelle.
1148 2288 1182 2298 -
1202 2274 1270 2313 ser-

708 2323 817 2379 viant:
837 2325 897 2379 sich
916 2327 1060 2396 abhangig
1073 2329 1191 2383 macheu
1205 2346 1269 2397 von,

709 2396 768 2450 sich
786 2396 935 2466 hingeben‚
953 2398 1072 2452 nach-
1087 2399 1218 2455 handeln.
1235 2431 1269 2441 -

708 2466 761 2521 ads
781 2473 897 2536 gamans.
1239 2482 1242 2489 ·

745 2606 811 2677 Cap.
823 2616 847 2663 6.
859 2615 883 2666 1.
899 2609 970 2676 Qua
984 2641 1020 2651 -
1033 2611 1189 2681 cognita:
1202 2613 1270 2681 ftige

710 2678 740 2732 in
754 2679 803 2732 der
816 2679 1025 2750 Uebersetaung
1042 2682 1090 2736 das
1104 2681 1144 2735 im
1158 2682 1269 2738 Relativ

711 2767 768 2818 qua
781 2751 950 2818 enthaltene‚
964 2751 1013 2806 das
1021 2752 1197 2807 Verbitltniss
1206 2771 1269 2807 zum

710 2818 826 2889 vorigen
849 2820 930 2876 Satze
952 2822 1157 2877 bezeichnende
1175 2823 1270 2878 Form-

709 2893 781 2945 vv'ort
809 2890 901 2946 hinnu.
932 2923 961 2932 -
985 2892 1138 2962 graviori
1163 2894 1269 2949 bello:

708 2978 791 3016 vvenn
804 2961 863 3015 sich
882 2961 927 3016 die
942 2961 1048 3017 Gallier
1064 2964 1118 3018 mit
1135 2964 1190 3018 den
1203 2963 1270 3019 Ger·

708 3048 810 3086 manen
839 3032 1020 3102 vereinigten.
1049 3065 1082 3074 -
1111 3051 1269 3090 occurre-

708 3104 773 3157 ret:
788 3103 840 3157 wie
850 3110 876 3170 3,
887 3111 902 3158 6
915 3129 949 3149 =
963 3104 992 3157 in
1006 3104 1112 3159 bellum
1126 3105 1269 3163 incideret.

709 3174 761 3227 Die
787 3173 875 3229 Stella
897 3175 986 3229 bietet
1008 3175 1053 3230 ein
1074 3176 1198 3246 Beispiel
1221 3195 1270 3231 zur

708 3245 799 3300 Lehre
821 3263 877 3300 von
899 3246 949 3300 der
967 3244 1133 3301 Consecutio
1151 3251 1269 3317 tempor.

708 3347 744 3358 -
762 3333 860 3386 quam
883 3320 1067 3372 consuerat
1088 3320 1178 3374 libers.
1197 3319 1269 3372 nach

710 3395 733 3455 1,
750 3393 765 3441 'l
780 3406 814 3441 ιι
832 3389 956 3443 maturat
972 3388 1119 3458 proficisci.
1134 3421 1168 3430 -
1183 3395 1207 3442 2.
1222 3388 1268 3444 Εο

709 3473 781 3511 cum
805 3459 959 3514 venisset
980 3461 1070 3515 iibere.
1093 3461 1167 3515 nach
1190 3468 1215 3529 1,
1233 3466 1268 3515 26

708 3546 743 3581 ιι
762 3529 810 3582 diu
829 3547 892 3583 eum
910 3533 1066 3600 pugnatum
1084 3533 1166 3586 esset.
1186 3562 1210 3571 -
1231 3548 1269 3586 ea

709 3629 743 3639 -
763 3601 837 3654 erat
854 3601 913 3654 und
935 3603 1021 3655 unten
1043 3619 1129 3670 quae
1152 3603 1268 3670 postu-

708 3669 841 3725 lassent
858 3672 949 3726 fibers.
967 3672 1039 3725 nach
1059 3681 1087 3739 1,
1107 3680 1123 3726 3
1144 3691 1178 3726 ιι
1196 3689 1268 3740 quae

709 3771 742 3780 -
757 3741 935 3810 pertinerent.
951 3773 984 3781 —
1002 3743 1106 3796 facta:
1125 3742 1269 3866 bestatigt.

709 3842 742 3850 -
766 3818 791 3866 3.
820 3812 939 3866 missas
967 3811 1005 3866 ist
1030 3812 1142 3877 betont;
1169 3828 1269 3867 mace

709 3881 768 3936 dies
786 3883 910 3936 deutlich
931 3882 1005 3936 nach
1024 3889 1049 3950 3,
1069 3887 1103 3936 10
1122 3901 1157 3935 ιι
1177 3885 1268 3948 erant;

708 3953 867 4007 ausserdem
885 3954 942 4022 vgl.
964 3961 987 4020 1,
1002 3959 1017 4006 t
1038 3971 1072 4007 ιι
1090 3952 1121 4008 L.
1136 3952 1269 4007 Cassium.

708 4054 742 4064 -
767 4023 937 4078 invitatos
965 4053 999 4063 -
1025 4023 1101 4078 fore
1133 4026 1268 4093 parata:

707 4094 802 4148 woher
823 4094 934 4149 kommt
956 4094 1005 4148 der
1028 4094 1127 4149 Aecus.
1151 4111 1174 4148 c.
1198 4093 1269 4150 Inte

708 4195 742 4206 -
767 4171 793 4218 4.
821 4163 891 4229 Qua
917 4180 975 4234 spe
1006 4164 1157 4220 adducti:
1186 4165 1212 4219 d.
1240 4166 1268 4221 h.

707 4235 789 4288 huius
808 4235 850 4289 rei
868 4251 925 4304 spe,
940 4254 959 4289 s.
977 4242 1000 4303 t,
1016 4241 1031 4290 9
1046 4254 1080 4290 ιι
1098 4253 1132 4290 ca
1146 4235 1268 4292 civitate.

709 4334 742 4344 -
761 4307 1004 4374 pervenerant:
1024 4325 1058 4360 ιι
1077 4307 1126 4362 der
1140 4307 1207 4375 neit,
1226 4307 1269 4362 als

672 4374 677 4421 l
709 4375 793 4431 cesar
803 4377 857 4432 den
866 4376 954 4448 Krieg
961 4379 1017 4433 mit
1025 4378 1286 4432 ihnenbesdntoee.
