2804 4778
1167 234 1229 298 161

460 236 529 290 ΜΒ.
548 235 581 290 V.
610 235 688 290 CAP.
707 229 821 324 43745'.

56 403 161 464 relicto
183 402 269 463 Pullo
292 401 386 481 pilum
412 403 443 461 in
465 401 568 461 hostes
596 403 719 462 inmittit
743 409 830 480 atque
859 420 953 462 unum
977 421 1012 462 ex
1040 401 1230 462 multitudine

55 499 286 572 procurrentem
310 492 421 569 traicit3
445 508 504 567 quo
527 508 670 569 percusso
700 498 729 549 et
753 493 917 551 exanimato
941 490 1021 551 hunc
1046 493 1139 550 scutis
1162 509 1231 569 pro·
1309 547 1312 556 ,

57 588 176 660 tegunt,
203 582 235 639 in
258 579 374 638 hostem
402 577 461 638 tela
485 580 616 638 universi
643 581 794 640 coniciunt
824 597 920 657 neque
950 578 1020 638 dant
1044 579 1232 656 regrediendi

58 668 236 730 facultatem.
282 667 479 744 Transfigitur
503 674 620 727 scutum
643 666 760 727 Pulloni
784 676 814 727 et
841 676 980 727 verutum
1006 670 1037 727 in
1061 667 1157 727 balteo
1182 667 1267 727 dev

58 758 168 836 figitur.
219 755 333 815 Avertit
364 755 412 815 hic
445 773 531 815 casus
564 757 697 832 vaginam
730 764 760 814 et
791 755 920 834 gladium
952 755 1079 815 educere
1113 756 1268 815 conantis

58 847 194 906 dextram
212 853 346 904 moratur
369 861 497 924 manum,
516 843 751 922 impeditumque
771 844 872 904 hostes
892 846 1124 904 circumsistunt.
1158 843 1230 904 Suc·
1250 856 1266 904 9

58 936 155 995 currit
185 935 322 993 inimicus
352 932 395 991 illi
423 926 558 991 Vorenus
588 940 618 992 et
646 931 791 992 laboranti
822 932 967 993 subvenit.
1013 931 1056 992 Ad
1086 931 1166 991 hunc
1198 950 1230 991 se
1250 943 1284 991 10

58 1023 216 1082 confestim
241 1040 257 1080 a
279 1019 403 1080 Pullone
428 1023 524 1079 omnis
548 1019 705 1080 multitudo
730 1023 889 1081 convertit:
918 1020 1001 1080 illum
1024 1028 1129 1081 veruto
1153 1020 1232 1079 arbi-

58 1118 177 1171 trantur
201 1111 341 1169 occisum.
388 1107 489 1167 Gladio
514 1110 680 1167 comminus
707 1126 771 1169 rem
802 1111 879 1188 gerit
903 1107 1036 1169 Vorenus
1060 1116 1148 1188 atque
1172 1127 1232 1169 uno
1253 1120 1286 1167 11

58 1199 217 1259 interfecto
240 1197 371 1275 reliquos
394 1195 515 1276 paulum
534 1196 685 1276 propellit3
709 1196 779 1256 dum
802 1198 938 1277 cupidius
962 1200 1060 1276 instat,
1083 1197 1232 1257 inlocum
1252 1208 1286 1256 12

58 1288 193 1347 deiectus
220 1287 394 1345 interiorem
422 1283 559 1344 concidit.
605 1284 681 1344 Huic
710 1304 816 1345 rursus
845 1289 1046 1346 circumvento
1074 1287 1133 1345 sert
1161 1283 1230 1345 sub·
1251 1298 1284 1345 13

60 1376 169 1435 sidium
191 1374 286 1455 Pullo,
310 1381 398 1451 atque
418 1372 503 1433 ambo
527 1372 691 1433 incolumes
710 1373 912 1452 compluribus
933 1375 1099 1434 intersectis
1119 1391 1234 1434 summa

59 1482 129 1524 cum
161 1462 251 1523 laude‘
278 1480 344 1522 sese
376 1463 453 1522 intra
481 1463 663 1522 munitiones
691 1464 848 1540 rccipiunt.
895 1462 944 1522 Sic
968 1463 1085 1523 fortuna
1109 1465 1140 1522 in
1164 1480 1234 1522 con·
1254 1474 1288 1522 14

59 1554 192 1613 tentione
216 1558 247 1610 et
270 1553 430 1610 certamine
459 1558 620 1629 utrumque
650 1553 788 1626 versavit,
818 1561 852 1611 ut
880 1550 953 1611 alter
981 1551 1067 1612 alteri
1094 1553 1234 1615 inimicus
1280 1625 1283 1632 Ι

59 1639 168 1700 auxilio
192 1639 338 1717 salutique
362 1647 454 1722 esset,
483 1657 580 1718 neque
610 1639 767 1699 diiudicari
794 1647 908 1720 posset,
937 1647 1004 1699 uter
1032 1641 1093 1699 utri
1122 1641 1233 1699 virtute

59 1727 271 1788 anteferendus
295 1727 455 1788 videretur.

149 1812 201 1876 45.
226 1815 342 1885 Quanto
371 1824 434 1875 erat
463 1817 493 1875 in
525 1815 588 1874 dies
618 1818 734 1893 gravior
766 1824 853 1894 atque
883 1817 1015 1895 asperior
1046 1817 1235 1895 oppugnatio,

60 1913 91 1965 et
114 1906 243 1982 maxime
264 1904 343 1981 quod
367 1921 470 1981 magna
494 1910 577 1982 parte
606 1903 733 1963 militum
761 1904 896 1964 conlecta
924 1902 1097 1963 vulneribus
1125 1922 1175 1963 res
1199 1903 1235 1962 ad

59 1995 240 2072 paucitatem
270 1992 462 2051 defensorum
489 1998 680 2072 pervenerat,
707 1998 790 2051 tanto
821 1990 989 2070 crebriores
1020 1991 1136 2050 litterae
1160 2009 1236 2051 nun·

60 2084 154 2158 tiique
187 2079 222 2140 ad
262 2079 418 2139 Caesarem
455 2078 660 2159 mittebantur3
708 2097 837 2156 quorum
875 2097 944 2159 pars
987 2078 1171 2159 deprebensa
1203 2081 1236 2138 in

61 2176 226 2246 conspectu
248 2175 421 2227 nostrorum
444 2167 570 2227 militum
594 2185 662 2228 curn
685 2166 820 2228 cruciatu
849 2167 1018 2228 necabatur.
1064 2166 1135 2227 Erat
1159 2179 1273 2227 unust

61 2259 145 2315 intus
168 2255 295 2315 Nervius
319 2257 438 2315 nomine
457 2254 584 2335 Vertico,
609 2255 673 2316 loco
693 2264 779 2316 natus
800 2256 934 2337 honesto,
959 2258 1010 2334 qui
1033 2258 1162 2334 aprima
1186 2255 1237 2315 ob·

63 2343 177 2403 sidione
210 2342 245 2402 ad
277 2342 452 2403 Ciceronem
483 2345 655 2423 perfugerat
687 2362 830 2423 suamque
861 2347 889 2404 ei
918 2345 1007 2404 tidem
1038 2346 1237 2424 praestiterat.

61 2431 118 2491 Hic
142 2450 228 2491 servo
252 2450 304 2510 spe
329 2431 474 2492 libertatis
503 2435 675 2512 magnisque
703 2433 864 2512 persuadet
886 2435 1038 2512 praemiis,
1066 2442 1100 2494 ut
1122 2433 1273 2494 litterast

59 2637 160 2673 unum
184 2635 222 2672 ex
244 2617 483 2674 multitudine:
503 2620 621 2689 ‚,einer“

52 2690 131 2744 'wird
139 2690 227 2743 durch
238 2708 307 2743 unus
317 2688 407 2759 (nicht
414 2691 502 2744 durch
510 2692 622 2761 aliquis)

60 2761 211 2828 iibersetzt,
222 2761 321 2815 sobeld
331 2778 361 2814 es
370 2761 399 2814 iu
412 2762 504 2815 einem
514 2762 623 2832 (legen-

61 2835 140 2885 satze
154 2849 187 2884 zu
200 2831 348 2885 Mehreren
363 2832 450 2896 steht;
470 2849 493 2887 c.
504 2839 537 2886 45
552 2848 623 2886 unus

60 2901 195 2969 Nervius,
215 2902 241 2956 d.
251 2901 269 2956 i.
290 2901 343 2954 mn
357 2903 476 2956 Nervier
495 2921 548 2956 nur
566 2920 624 2957 wer

61 2973 112 3040 da,
132 2972 199 3026 aber
216 2972 296 3026 nicht
313 2972 448 3027 mehrere.
483 2971 579 3042 Vergl,
599 2979 624 3042 6,

60 3048 96 3097 35
121 3059 192 3095 unus
215 3059 250 3096 ex
272 3041 401 3110 captivis.
444 3042 624 3098 Wiederhole

60 3115 113 3167 das
128 3119 153 3180 4,
170 3119 183 3166 1
200 3131 234 3165 ιιι
252 3113 364 3182 longius
380 3129 453 3168 anno
469 3114 625 3169 Bemerkte.

61 3215 96 3224 -
117 3201 181 3252 quo
205 3200 371 3253 percusso
391 3215 426 3224 -
444 3184 545 3239 hunc:
568 3185 625 3254 vgl.

62 3273 111 3309 zur
127 3254 211 3308 Form
229 3254 279 3308 des
297 3255 459 3308 Ausdrucks
485 3263 514 3324 3,
535 3263 569 3309 14
593 3273 627 3309 ιιι

61 3324 187 3379 turribus
213 3325 351 3380 excitetis.
377 3356 409 3365 -
440 3332 464 3381 8.
488 3327 628 3381 Avertit

61 3397 224 3464 reginam
248 3427 281 3436 -
305 3398 460 3451 moratur
482 3413 626 3451 menum:

62 3465 109 3520 die
134 3466 267 3521 Saldeten
294 3469 396 3537 brugen
421 3468 547 3521 nitmlich
574 3468 624 3522 das

10 3590 11 3594 ,
63 3538 191 3590 Schwert
215 3537 266 3590 euf
287 3537 336 3591 der
353 3538 468 3592 rechten
487 3537 572 3593 Seite.
590 3568 625 3578 -

65 3613 107 3661 12.
132 3606 301 3661 deiectus:
324 3626 380 3662 von
403 3607 508 3662 seinem
532 3609 625 3678 Unge-

62 3680 148 3731 stiim.
165 3708 197 3717 -
215 3683 256 3731 13.
271 3695 401 3732 rursus:
417 3697 437 3732 s.
453 3696 476 3733 c.
489 3684 526 3732 34
538 3679 625 3735 Eride.

63 3779 98 3789 —
123 3763 250 3800 summu
272 3764 344 3802 cum
370 3749 485 3803 laude:
505 3765 626 3805 summe:

62 3818 229 3888 allgemeim
255 3818 329 3874 deun
347 3835 442 3873 eusser
466 3819 554 3874 durch
572 3821 628 3875 den

64 3889 179 3944 Genitiv
206 3905 263 3943 von
290 3889 393 3959 omnis,
421 3891 498 3944 kann
522 3891 626 3961 „allge-

62 3959 158 4014 mein“
176 3959 265 4014 durch
288 3961 455 4031 communis,
479 3961 626 4016 universus

63 4030 123 4085 und
142 4047 265 4085 summus
289 4032 432 4095 tibersetzt
453 4032 574 4089 werden.
593 4063 627 4073 —

65 4107 109 4156 14.
138 4101 193 4155 Sic
221 4132 254 4141 —
283 4102 453 4157 versavit:
480 4102 520 4157 sic
547 4105 629 4158 weist

66 4172 117 4226 auf
133 4172 183 4226 des
193 4171 430 4242 Vorhergehende
448 4173 506 4242 hin,
520 4175 578 4228 und
596 4178 629 4228 ut

64 4243 139 4297 alter
162 4242 244 4297 alteri
265 4242 304 4298 ist
321 4244 555 4314 Erkldrungssute
577 4246 627 4300 des

67 4315 165 4368 Satzes
188 4313 229 4368 sic
248 4345 281 4354 —-
304 4315 440 4385 versavit,
466 4316 491 4368 d.
510 4315 529 4371 i.
553 4332 627 4370 wen-

65 4385 145 4452 dete,
182 4385 372 4467 schleuderte
393 4387 443 4457 hin
474 4387 532 4441 und
569 4387 629 4456 her,

118 4480 214 4522 Unum
226 4493 261 4523 mr
272 4493 294 4524 ι.
311 4493 383 4526 utun.

677 2621 778 2690 spielte
810 2620 964 2690 gleichsam
994 2621 1048 2674 mit
1078 2620 1171 2674 ihnen.
1204 2650 1239 2660 -

676 2692 710 2745 in
734 2692 956 2746 contentione
980 2693 1014 2744 et
1036 2689 1239 2745 certamine:

678 2762 829 2816 certamine
847 2762 995 2817 bestimmt
1012 2762 1099 2815 nither
1114 2760 1172 2813 und
1189 2760 1240 2814 be-

678 2833 813 2886 schrhnkt
836 2832 887 2885 die
905 2832 1071 2900 Bedeutung
1092 2847 1149 2885 von
1176 2847 1240 2884 con·

662 2902 811 2957 tentione.
836 2931 869 2941 -
895 2905 983 2957 uter:
1012 2901 1063 2956 wir
1090 2901 1172 2954 dabir
1197 2899 1240 2954 ott

678 2973 895 3027 unbeetimmter
938 2973 996 3027 und
1039 2971 1239 3041 allgemeiner:

680 3044 843 3113 ‚,welcher“.
877 3073 910 3082 -
942 3043 1133 3098 videretur:
1162 3041 1240 3097 siche

680 3131 703 3169 c.
723 3121 757 3168 33
777 3132 812 3168 ιιι
830 3115 895 3168 dem
914 3114 1003 3168 Wort.

717 3254 782 3325 (lap.
801 3260 845 3309 45.
871 3261 894 3309 1.
913 3254 1053 3309 indies:
1074 3272 1094 3310 s.
1116 3262 1140 3324 3,
1161 3261 1203 3319 23,
1224 3260 1240 3309 'i

681 3345 715 3380 ιιι
734 3326 798 3381 dem
816 3326 905 3381 Wort.
924 3354 958 3365 —
979 3327 1024 3380 et:
1044 3327 1097 3380 wie
1118 3333 1141 3395 1,
1161 3331 1240 3395 4⁷,2

682 3399 711 3451 et
733 3415 766 3452 eo
784 3398 883 3466 magis.
904 3429 936 3436 —
961 3397 1002 3450 ed
1025 3397 1240 3466 paucitatem

678 3468 770 3523 ilbers.
789 3468 862 3522 nach
881 3475 910 3535 2,
929 3473 977 3535 21,
997 3473 1012 3521 ti
1040 3487 1073 3521 ιιι
1092 3468 1240 3538 exiguitas,

680 3569 713 3578 -
728 3537 887 3593 litterce=
903 3538 1007 3593 Briefe:
1023 3538 1108 3593 Ctisar
1121 3538 1242 3592 braueht

679 3609 729 3664 das
753 3609 836 3663 Wort
863 3609 950 3664 bitere
978 3625 1016 3665 so.
1041 3641 1074 3649 —
1101 3610 1136 3663 in
1160 3626 1241 3663 con-

681 3681 813 3749 spectu:
841 3698 863 3735 s.
888 3686 916 3748 1,
943 3685 983 3734 11.
1008 3711 1040 3718 -
1070 3697 1143 3734 cum
1166 3696 1241 3732 cru-

681 3751 775 3805 ciutu
807 3751 1010 3805 necabatur:
1047 3750 1100 3803 mit
1135 3749 1242 3803 diesem

680 3821 828 3875 Ausdruck
845 3821 934 3892 vergl.
948 3821 1003 3876 den
1021 3820 1051 3874 in
1065 3826 1090 3886 2,
1105 3825 1137 3872 31
1153 3817 1241 3872 Eudo.

681 3923 714 3933 —
734 3899 758 3948 2.
777 3910 874 3946 unus:
900 3891 988 3961 vergl.
1008 3908 1030 3944 c.
1050 3895 1085 3942 44
1104 3906 1137 3941 zu
1155 3906 1242 3942 unum

681 3979 715 4017 ex
740 3963 929 4018 multitudine.
950 3992 981 4002 -
1009 3977 1027 4015 a
1050 3961 1160 4029 prime
1185 3960 1243 4013 ob-

683 4033 831 4088 sidione:
861 4049 878 4086 u
904 4033 943 4086 iet
971 4037 997 4100 2,
1016 4035 1093 4098 25,·1
1123 4030 1242 4084 erkl'drt:

682 4103 774 4173 prime
793 4103 936 4157 obsidione
955 4101 1046 4154 fibert.
1065 4101 1139 4155 nach
1157 4108 1182 4170 2,
1199 4107 1242 4169 19,

683 4183 698 4229 6
717 4193 751 4228 ιιι
768 4174 861 4242 prime
873 4171 1084 4241 impedimenta.
1099 4203 1133 4212 -
1147 4188 1242 4242 prae-

682 4245 842 4300 stiterat:
868 4243 955 4296 durch
980 4242 1026 4296 die
1053 4243 1137 4298 That.
1157 4274 1190 4283 -
1217 4249 1242 4296 3.

682 4313 882 4384 magnisque
901 4312 1080 4383 praemiis:
1100 4314 1174 4367 iiber
1191 4329 1252 4378 que

684 4386 762 4443 siehe
789 4392 823 4458 t,
848 4391 902 4456 tv,
927 4390 946 4440 3
981 4404 1022 4438 uu
1055 4398 1204 4451 unusque.
1235 4403 1271 4415 ν
