<?xml version="1.0" encoding="UTF-8"?>
<!DOCTYPE html PUBLIC "-//W3C//DTD XHTML 1.0 Transitional//EN"
    "http://www.w3.org/TR/xhtml1/DTD/xhtml1-transitional.dtd">
<html xmlns="http://www.w3.org/1999/xhtml" xml:lang="en" lang="en">
 <head>
  <title>
</title>
<meta http-equiv="Content-Type" content="text/html;charset=utf-8" />
  <meta name='ocr-system' content='tesseract 3.04.00' />
  <meta name='ocr-capabilities' content='ocr_page ocr_carea ocr_par ocr_line ocrx_word'/>
</head>
<body>
  <div class='ocr_page' id='page_1' title='image "./ciuliicaesarisc00dobegoog_0260.png"; bbox 0 0 2804 4778; ppageno 0'>
   <div class='ocr_carea' id='block_1_1' title="bbox 154 235 927 303">
    <p class='ocr_par' dir='ltr' id='par_1_1' title="bbox 154 235 927 303">
     <span class='ocr_line' id='line_1_1' title="bbox 154 235 927 303; baseline -0.016 0"><span class='ocrx_word' id='word_1_1' title='bbox 154 238 220 303; x_wconf 79' lang='grc'><strong>238</strong></span> <span class='ocrx_word' id='word_1_2' title='bbox 563 239 611 292; x_wconf 82' lang='lat' dir='ltr'><strong>DE</strong></span> <span class='ocrx_word' id='word_1_3' title='bbox 629 237 747 292; x_wconf 83' lang='lat' dir='ltr'>BELLO</span> <span class='ocrx_word' id='word_1_4' title='bbox 767 235 927 293; x_wconf 80' lang='lat' dir='ltr'>GALLICO</span> 
     </span>
    </p>
   </div>
   <div class='ocr_carea' id='block_1_2' title="bbox 117 402 1339 2167">
    <p class='ocr_par' dir='ltr' id='par_1_2' title="bbox 154 402 1338 663">
     <span class='ocr_line' id='line_1_2' title="bbox 248 402 1335 484; baseline -0.001 -15"><span class='ocrx_word' id='word_1_5' title='bbox 248 402 300 469; x_wconf 83' lang='lat'><strong>50.</strong></span> <span class='ocrx_word' id='word_1_6' title='bbox 325 407 399 468; x_wconf 86' lang='lat' dir='ltr'><strong>Cum</strong></span> <span class='ocrx_word' id='word_1_7' title='bbox 422 406 567 467; x_wconf 81' lang='lat' dir='ltr'><strong>acerrime</strong></span> <span class='ocrx_word' id='word_1_8' title='bbox 591 407 757 465; x_wconf 91' lang='lat' dir='ltr'><strong>comminus</strong></span> <span class='ocrx_word' id='word_1_9' title='bbox 782 411 980 484; x_wconf 80' lang='lat' dir='ltr'><strong>pugnaretur,</strong></span> <span class='ocrx_word' id='word_1_10' title='bbox 1007 403 1108 463; x_wconf 81' lang='lat' dir='ltr'><strong>hostes</strong></span> <span class='ocrx_word' id='word_1_11' title='bbox 1131 404 1198 465; x_wconf 93' lang='lat' dir='ltr'><strong>loco</strong></span> <span class='ocrx_word' id='word_1_12' title='bbox 1222 415 1254 466; x_wconf 90' lang='lat' dir='ltr'><strong>et</strong></span> <span class='ocrx_word' id='word_1_13' title='bbox 1278 425 1335 469; x_wconf 90' lang='lat' dir='ltr'><strong>nu-</strong></span> 
     </span>
     <span class='ocr_line' id='line_1_3' title="bbox 155 491 1338 576; baseline 0.001 -20"><span class='ocrx_word' id='word_1_14' title='bbox 155 513 252 576; x_wconf 92' lang='lat' dir='ltr'><strong>mero,</strong></span> <span class='ocrx_word' id='word_1_15' title='bbox 280 497 376 556; x_wconf 90' lang='lat' dir='ltr'><strong>nostri</strong></span> <span class='ocrx_word' id='word_1_16' title='bbox 405 495 514 555; x_wconf 87' lang='lat' dir='ltr'><strong>virtute</strong></span> <span class='ocrx_word' id='word_1_17' title='bbox 538 495 735 574; x_wconf 89' lang='lat' dir='ltr'><strong>confiderent,</strong></span> <span class='ocrx_word' id='word_1_18' title='bbox 766 493 864 554; x_wconf 92' lang='lat' dir='ltr'><strong>subito</strong></span> <span class='ocrx_word' id='word_1_19' title='bbox 888 500 959 553; x_wconf 91' lang='lat' dir='ltr'><strong>sunt</strong></span> <span class='ocrx_word' id='word_1_20' title='bbox 980 491 1075 551; x_wconf 78' lang='lat' dir='ltr'><strong>Aedui</strong></span> <span class='ocrx_word' id='word_1_21' title='bbox 1097 495 1153 552; x_wconf 82' lang='lat' dir='ltr'><strong>visi</strong></span> <span class='ocrx_word' id='word_1_22' title='bbox 1176 493 1212 554; x_wconf 93' lang='lat' dir='ltr'><strong>ab</strong></span> <span class='ocrx_word' id='word_1_23' title='bbox 1242 495 1338 557; x_wconf 90' lang='lat' dir='ltr'><strong>latere</strong></span> 
     </span>
     <span class='ocr_line' id='line_1_4' title="bbox 154 580 1338 663; baseline 0.002 -19"><span class='ocrx_word' id='word_1_24' title='bbox 154 588 266 645; x_wconf 89' lang='lat' dir='ltr'><strong>nostris</strong></span> <span class='ocrx_word' id='word_1_25' title='bbox 294 591 411 663; x_wconf 88' lang='lat' dir='ltr'><strong>aperto,</strong></span> <span class='ocrx_word' id='word_1_26' title='bbox 439 601 515 662; x_wconf 91' lang='lat' dir='ltr'><strong>quos</strong></span> <span class='ocrx_word' id='word_1_27' title='bbox 544 581 651 642; x_wconf 90' lang='lat' dir='ltr'><strong>Caesar</strong></span> <span class='ocrx_word' id='word_1_28' title='bbox 679 581 715 641; x_wconf 92' lang='lat' dir='ltr'><strong>ab</strong></span> <span class='ocrx_word' id='word_1_29' title='bbox 744 584 849 643; x_wconf 82' lang='lat' dir='ltr'><strong>dextra</strong></span> <span class='ocrx_word' id='word_1_30' title='bbox 876 589 960 660; x_wconf 89' lang='lat' dir='ltr'><strong>parte</strong></span> <span class='ocrx_word' id='word_1_31' title='bbox 989 580 1045 640; x_wconf 89' lang='lat' dir='ltr'><strong>alio</strong></span> <span class='ocrx_word' id='word_1_32' title='bbox 1073 599 1200 643; x_wconf 89' lang='lat' dir='ltr'><strong>ascensu</strong></span> <span class='ocrx_word' id='word_1_33' title='bbox 1228 603 1338 646; x_wconf 89' lang='lat' dir='ltr'><strong>manus</strong></span> 
     </span>
    </p>

    <p class='ocr_par' dir='ltr' id='par_1_3' title="bbox 120 670 1339 930">
     <span class='ocr_line' id='line_1_5' title="bbox 120 670 1339 734; baseline 0.001 -1"><span class='ocrx_word' id='word_1_34' title='bbox 120 673 340 733; x_wconf 69' lang='lat' dir='ltr'><strong>edistinendae</strong></span> <span class='ocrx_word' id='word_1_35' title='bbox 373 691 462 732; x_wconf 93' lang='lat' dir='ltr'><strong>causa</strong></span> <span class='ocrx_word' id='word_1_36' title='bbox 494 673 625 731; x_wconf 91' lang='lat' dir='ltr'><strong>miserat.</strong></span> <span class='ocrx_word' id='word_1_37' title='bbox 670 671 708 731; x_wconf 88' lang='lat' dir='ltr'><strong>lli</strong></span> <span class='ocrx_word' id='word_1_38' title='bbox 738 670 931 731; x_wconf 86' lang='lat' dir='ltr'><strong>similitudine</strong></span> <span class='ocrx_word' id='word_1_39' title='bbox 962 687 1113 730; x_wconf 89' lang='lat' dir='ltr'><strong>armorum</strong></span> <span class='ocrx_word' id='word_1_40' title='bbox 1142 671 1339 734; x_wconf 89' lang='lat' dir='ltr'><strong>vehementer</strong></span> 
     </span>
     <span class='ocr_line' id='line_1_6' title="bbox 155 758 1336 841; baseline 0.002 -20"><span class='ocrx_word' id='word_1_41' title='bbox 155 770 274 822; x_wconf 91' lang='lat' dir='ltr'><strong>nostros</strong></span> <span class='ocrx_word' id='word_1_42' title='bbox 300 768 544 841; x_wconf 89' lang='lat' dir='ltr'><strong>perterruerunt,</strong></span> <span class='ocrx_word' id='word_1_43' title='bbox 568 779 601 820; x_wconf 92' lang='lat' dir='ltr'><strong>ao</strong></span> <span class='ocrx_word' id='word_1_44' title='bbox 624 762 743 820; x_wconf 90' lang='lat' dir='ltr'><strong>tametsi</strong></span> <span class='ocrx_word' id='word_1_45' title='bbox 766 759 880 819; x_wconf 83' lang='lat' dir='ltr'><strong>dextris</strong></span> <span class='ocrx_word' id='word_1_46' title='bbox 902 758 1037 818; x_wconf 91' lang='lat' dir='ltr'><strong>humeris</strong></span> <span class='ocrx_word' id='word_1_47' title='bbox 1057 762 1184 820; x_wconf 84' lang='lat' dir='ltr'><strong>exsertis</strong></span> <span class='ocrx_word' id='word_1_48' title='bbox 1203 763 1336 823; x_wconf 78' lang='lat' dir='ltr'><strong>animad-</strong></span> 
     </span>
     <span class='ocr_line' id='line_1_7' title="bbox 154 849 1336 930; baseline 0.002 -21"><span class='ocrx_word' id='word_1_49' title='bbox 154 850 363 929; x_wconf 88' lang='lat' dir='ltr'><strong>vertebantur,</strong></span> <span class='ocrx_word' id='word_1_50' title='bbox 386 849 465 928; x_wconf 89' lang='lat' dir='ltr'><strong>quod</strong></span> <span class='ocrx_word' id='word_1_51' title='bbox 489 851 605 927; x_wconf 83' lang='lat' dir='ltr'><strong>insigne</strong></span> <span class='ocrx_word' id='word_1_52' title='bbox 624 856 762 927; x_wconf 92' lang='lat' dir='ltr'><strong>pacatum</strong></span> <span class='ocrx_word' id='word_1_53' title='bbox 781 866 847 908; x_wconf 90' lang='lat' dir='ltr'><strong>esse</strong></span> <span class='ocrx_word' id='word_1_54' title='bbox 867 855 1035 926; x_wconf 89' lang='lat' dir='ltr'><strong>consuerat,</strong></span> <span class='ocrx_word' id='word_1_55' title='bbox 1058 855 1158 907; x_wconf 87' lang='lat' dir='ltr'><strong>tamen</strong></span> <span class='ocrx_word' id='word_1_56' title='bbox 1181 849 1211 908; x_wconf 95' lang='lat' dir='ltr'><strong>id</strong></span> <span class='ocrx_word' id='word_1_57' title='bbox 1235 852 1336 930; x_wconf 92' lang='lat' dir='ltr'><strong>ipsum</strong></span> 
     </span>
    </p>

    <p class='ocr_par' dir='ltr' id='par_1_4' title="bbox 117 935 1336 1107">
     <span class='ocr_line' id='line_1_8' title="bbox 117 935 1336 1000; baseline 0 0"><span class='ocrx_word' id='word_1_58' title='bbox 117 954 133 1000; x_wconf 85' lang='lat'><strong>3</strong></span> <span class='ocrx_word' id='word_1_59' title='bbox 155 942 202 1000; x_wconf 91' lang='lat' dir='ltr'><strong>sui</strong></span> <span class='ocrx_word' id='word_1_60' title='bbox 225 938 346 999; x_wconf 91' lang='lat' dir='ltr'><strong>fallendi</strong></span> <span class='ocrx_word' id='word_1_61' title='bbox 369 957 458 999; x_wconf 92' lang='lat' dir='ltr'><strong>causa</strong></span> <span class='ocrx_word' id='word_1_62' title='bbox 483 937 591 997; x_wconf 89' lang='lat' dir='ltr'><strong>milites</strong></span> <span class='ocrx_word' id='word_1_63' title='bbox 615 937 650 997; x_wconf 87' lang='lat' dir='ltr'><strong>ab</strong></span> <span class='ocrx_word' id='word_1_64' title='bbox 673 936 810 998; x_wconf 84' lang='lat' dir='ltr'><strong>hostibus</strong></span> <span class='ocrx_word' id='word_1_65' title='bbox 834 937 944 997; x_wconf 92' lang='lat' dir='ltr'><strong>factum</strong></span> <span class='ocrx_word' id='word_1_66' title='bbox 969 935 1183 997; x_wconf 85' lang='lat' dir='ltr'><strong>existimabant.</strong></span> <span class='ocrx_word' id='word_1_67' title='bbox 1220 937 1336 1000; x_wconf 85' lang='lat' dir='ltr'><strong>Eodem</strong></span> 
     </span>
     <span class='ocr_line' id='line_1_9' title="bbox 154 1025 1335 1107; baseline 0.001 -20"><span class='ocrx_word' id='word_1_68' title='bbox 154 1036 288 1107; x_wconf 89' lang='lat' dir='ltr'><strong>tempore</strong></span> <span class='ocrx_word' id='word_1_69' title='bbox 316 1027 426 1088; x_wconf 90' lang='lat' dir='ltr'><strong>Lucius</strong></span> <span class='ocrx_word' id='word_1_70' title='bbox 454 1025 562 1087; x_wconf 83' lang='lat' dir='ltr'><strong>Fabius</strong></span> <span class='ocrx_word' id='word_1_71' title='bbox 591 1028 727 1087; x_wconf 89' lang='lat' dir='ltr'><strong>centurio</strong></span> <span class='ocrx_word' id='word_1_72' title='bbox 757 1028 868 1105; x_wconf 90' lang='lat' dir='ltr'><strong>quique</strong></span> <span class='ocrx_word' id='word_1_73' title='bbox 900 1043 959 1085; x_wconf 90' lang='lat' dir='ltr'><strong>nna</strong></span> <span class='ocrx_word' id='word_1_74' title='bbox 989 1042 1109 1085; x_wconf 90' lang='lat' dir='ltr'><strong>murum</strong></span> <span class='ocrx_word' id='word_1_75' title='bbox 1137 1027 1335 1089; x_wconf 83' lang='lat' dir='ltr'><strong>ascenderant</strong></span> 
     </span>
    </p>

    <p class='ocr_par' dir='ltr' id='par_1_5' title="bbox 117 1112 1336 1637">
     <span class='ocr_line' id='line_1_10' title="bbox 117 1112 1333 1194; baseline 0 -18"><span class='ocrx_word' id='word_1_76' title='bbox 117 1130 134 1177; x_wconf 82' lang='lat'>4</span> <span class='ocrx_word' id='word_1_77' title='bbox 154 1118 352 1176; x_wconf 85' lang='lat' dir='ltr'><strong>circumventi</strong></span> <span class='ocrx_word' id='word_1_78' title='bbox 375 1123 464 1193; x_wconf 90' lang='lat' dir='ltr'><strong>atque</strong></span> <span class='ocrx_word' id='word_1_79' title='bbox 487 1115 638 1176; x_wconf 89' lang='lat' dir='ltr'><strong>interfecti</strong></span> <span class='ocrx_word' id='word_1_80' title='bbox 662 1133 748 1174; x_wconf 92' lang='lat' dir='ltr'><strong>muro</strong></span> <span class='ocrx_word' id='word_1_81' title='bbox 771 1112 1051 1194; x_wconf 85' lang='lat' dir='ltr'><strong>praecipitabantur.</strong></span> <span class='ocrx_word' id='word_1_82' title='bbox 1088 1113 1206 1175; x_wconf 88' lang='lat' dir='ltr'><strong>Marcus</strong></span> <span class='ocrx_word' id='word_1_83' title='bbox 1230 1115 1333 1176; x_wconf 80' lang='lat' dir='ltr'><strong>Petro</strong></span> 
     </span>
     <span class='ocr_line' id='line_1_11' title="bbox 155 1201 1336 1285; baseline 0.001 -21"><span class='ocrx_word' id='word_1_84' title='bbox 155 1208 239 1283; x_wconf 84' lang='lat' dir='ltr'><strong>nius,</strong></span> <span class='ocrx_word' id='word_1_85' title='bbox 264 1205 397 1265; x_wconf 88' lang='lat' dir='ltr'><strong>eiusdem</strong></span> <span class='ocrx_word' id='word_1_86' title='bbox 420 1203 545 1283; x_wconf 82' lang='lat' dir='ltr'><strong>legionis</strong></span> <span class='ocrx_word' id='word_1_87' title='bbox 564 1206 713 1284; x_wconf 90' lang='lat' dir='ltr'><strong>centurio,</strong></span> <span class='ocrx_word' id='word_1_88' title='bbox 737 1221 805 1263; x_wconf 86' lang='lat' dir='ltr'><strong>curn</strong></span> <span class='ocrx_word' id='word_1_89' title='bbox 828 1211 929 1281; x_wconf 88' lang='lat' dir='ltr'><strong>portas</strong></span> <span class='ocrx_word' id='word_1_90' title='bbox 943 1201 1081 1262; x_wconf 86' lang='lat' dir='ltr'><strong>excidere</strong></span> <span class='ocrx_word' id='word_1_91' title='bbox 1100 1211 1226 1264; x_wconf 90' lang='lat' dir='ltr'><strong>conatus</strong></span> <span class='ocrx_word' id='word_1_92' title='bbox 1245 1213 1336 1285; x_wconf 91' lang='lat' dir='ltr'><strong>esset,</strong></span> 
     </span>
     <span class='ocr_line' id='line_1_12' title="bbox 154 1290 1333 1371; baseline 0.002 -19"><span class='ocrx_word' id='word_1_93' title='bbox 154 1312 171 1352; x_wconf 94' lang='lat' dir='ltr'><strong>a</strong></span> <span class='ocrx_word' id='word_1_94' title='bbox 194 1293 384 1353; x_wconf 91' lang='lat' dir='ltr'><strong>multitudine</strong></span> <span class='ocrx_word' id='word_1_95' title='bbox 413 1311 574 1371; x_wconf 91' lang='lat' dir='ltr'><strong>oppressus</strong></span> <span class='ocrx_word' id='word_1_96' title='bbox 602 1310 636 1352; x_wconf 94' lang='lat' dir='ltr'><strong>ac</strong></span> <span class='ocrx_word' id='word_1_97' title='bbox 664 1291 721 1352; x_wconf 89' lang='lat' dir='ltr'><strong>sibi</strong></span> <span class='ocrx_word' id='word_1_98' title='bbox 749 1292 910 1370; x_wconf 89' lang='lat' dir='ltr'><strong>desperans</strong></span> <span class='ocrx_word' id='word_1_99' title='bbox 941 1290 1043 1350; x_wconf 87' lang='lat' dir='ltr'><strong>multis</strong></span> <span class='ocrx_word' id='word_1_100' title='bbox 1073 1291 1131 1350; x_wconf 91' lang='lat' dir='ltr'><strong>iam</strong></span> <span class='ocrx_word' id='word_1_101' title='bbox 1158 1292 1333 1354; x_wconf 84' lang='lat' dir='ltr'><strong>vulneribus</strong></span> 
     </span>
     <span class='ocr_line' id='line_1_13' title="bbox 157 1379 1332 1462; baseline 0.001 -22"><span class='ocrx_word' id='word_1_102' title='bbox 157 1383 286 1460; x_wconf 86' lang='lat' dir='ltr'><strong>acceptis</strong></span> <span class='ocrx_word' id='word_1_103' title='bbox 317 1380 551 1460; x_wconf 89' lang='lat' dir='ltr'><strong>manipularibus</strong></span> <span class='ocrx_word' id='word_1_104' title='bbox 580 1383 656 1454; x_wconf 89' lang='lat' dir='ltr'><strong>suis,</strong></span> <span class='ocrx_word' id='word_1_105' title='bbox 679 1383 731 1459; x_wconf 90' lang='lat' dir='ltr'><strong>qui</strong></span> <span class='ocrx_word' id='word_1_106' title='bbox 755 1379 839 1440; x_wconf 90' lang='lat' dir='ltr'><strong>illum</strong></span> <span class='ocrx_word' id='word_1_107' title='bbox 863 1381 959 1440; x_wconf 90' lang='lat' dir='ltr'><strong>secuti</strong></span> <span class='ocrx_word' id='word_1_108' title='bbox 981 1386 1081 1459; x_wconf 92' lang='lat' dir='ltr'><strong>erant,</strong></span> <span class='ocrx_word' id='word_1_109' title='bbox 1105 1379 1267 1462; x_wconf 82' lang='lat' dir='ltr'><strong>Quoniam,</strong></span> <span class='ocrx_word' id='word_1_110' title='bbox 1290 1384 1332 1441; x_wconf 93' lang='lat' dir='ltr'><strong>in·</strong></span> 
     </span>
     <span class='ocr_line' id='line_1_14' title="bbox 155 1468 1333 1550; baseline 0.001 -21"><span class='ocrx_word' id='word_1_111' title='bbox 155 1471 232 1550; x_wconf 91' lang='lat' dir='ltr'><strong>quit,</strong></span> <span class='ocrx_word' id='word_1_112' title='bbox 256 1488 303 1546; x_wconf 89' lang='lat' dir='ltr'><strong>me</strong></span> <span class='ocrx_word' id='word_1_113' title='bbox 327 1488 386 1530; x_wconf 93' lang='lat' dir='ltr'><strong>una</strong></span> <span class='ocrx_word' id='word_1_114' title='bbox 408 1469 561 1529; x_wconf 89' lang='lat' dir='ltr'><strong>vobiscum</strong></span> <span class='ocrx_word' id='word_1_115' title='bbox 585 1487 704 1529; x_wconf 91' lang='lat' dir='ltr'><strong>servare</strong></span> <span class='ocrx_word' id='word_1_116' title='bbox 728 1487 789 1528; x_wconf 92' lang='lat' dir='ltr'><strong>non</strong></span> <span class='ocrx_word' id='word_1_117' title='bbox 812 1486 948 1548; x_wconf 89' lang='lat' dir='ltr'><strong>possum,</strong></span> <span class='ocrx_word' id='word_1_118' title='bbox 971 1473 1087 1526; x_wconf 78' lang='lat' dir='ltr'><strong>vestrae</strong></span> <span class='ocrx_word' id='word_1_119' title='bbox 1107 1468 1227 1546; x_wconf 89' lang='lat' dir='ltr'><strong>quidem</strong></span> <span class='ocrx_word' id='word_1_120' title='bbox 1251 1478 1333 1530; x_wconf 89' lang='lat' dir='ltr'><strong>certe</strong></span> 
     </span>
     <span class='ocr_line' id='line_1_15' title="bbox 154 1556 1332 1637; baseline 0.002 -20"><span class='ocrx_word' id='word_1_121' title='bbox 154 1560 229 1618; x_wconf 91' lang='lat' dir='ltr'><strong>vitae</strong></span> <span class='ocrx_word' id='word_1_122' title='bbox 263 1560 459 1637; x_wconf 88' lang='lat' dir='ltr'><strong>prospiciam,</strong></span> <span class='ocrx_word' id='word_1_123' title='bbox 490 1575 565 1636; x_wconf 89' lang='lat' dir='ltr'><strong>quos</strong></span> <span class='ocrx_word' id='word_1_124' title='bbox 595 1557 757 1637; x_wconf 86' lang='lat' dir='ltr'><strong>cupiditate</strong></span> <span class='ocrx_word' id='word_1_125' title='bbox 787 1557 898 1635; x_wconf 90' lang='lat' dir='ltr'><strong>gloriae</strong></span> <span class='ocrx_word' id='word_1_126' title='bbox 928 1556 1074 1616; x_wconf 90' lang='lat' dir='ltr'><strong>adductus</strong></span> <span class='ocrx_word' id='word_1_127' title='bbox 1103 1558 1135 1616; x_wconf 91' lang='lat' dir='ltr'><strong>in</strong></span> <span class='ocrx_word' id='word_1_128' title='bbox 1165 1557 1332 1636; x_wconf 89' lang='lat' dir='ltr'><strong>periculum</strong></span> 
     </span>
    </p>

    <p class='ocr_par' dir='ltr' id='par_1_6' title="bbox 117 1643 1333 2167">
     <span class='ocr_line' id='line_1_16' title="bbox 117 1643 1332 1708; baseline 0.001 -1"><span class='ocrx_word' id='word_1_129' title='bbox 117 1658 133 1707; x_wconf 82' lang='lat'>5</span> <span class='ocrx_word' id='word_1_130' title='bbox 153 1645 271 1706; x_wconf 85' lang='lat' dir='ltr'><strong>deduxi.</strong></span> <span class='ocrx_word' id='word_1_131' title='bbox 303 1647 362 1706; x_wconf 89' lang='lat' dir='ltr'><strong>Vos</strong></span> <span class='ocrx_word' id='word_1_132' title='bbox 386 1646 453 1707; x_wconf 90' lang='lat' dir='ltr'><strong>data</strong></span> <span class='ocrx_word' id='word_1_133' title='bbox 476 1646 615 1707; x_wconf 85' lang='lat' dir='ltr'><strong>facultate</strong></span> <span class='ocrx_word' id='word_1_134' title='bbox 637 1645 722 1706; x_wconf 89' lang='lat' dir='ltr'><strong>vobis</strong></span> <span class='ocrx_word' id='word_1_135' title='bbox 743 1645 898 1706; x_wconf 89' lang='lat' dir='ltr'><strong>consulite.</strong></span> <span class='ocrx_word' id='word_1_136' title='bbox 933 1643 1028 1705; x_wconf 88' lang='lat' dir='ltr'><strong>Simul</strong></span> <span class='ocrx_word' id='word_1_137' title='bbox 1049 1644 1081 1703; x_wconf 93' lang='lat' dir='ltr'><strong>in</strong></span> <span class='ocrx_word' id='word_1_138' title='bbox 1100 1645 1215 1706; x_wconf 88' lang='lat' dir='ltr'><strong>medios</strong></span> <span class='ocrx_word' id='word_1_139' title='bbox 1238 1646 1332 1708; x_wconf 86' lang='lat' dir='ltr'><strong>hostis</strong></span> 
     </span>
     <span class='ocr_line' id='line_1_17' title="bbox 152 1732 1331 1814; baseline 0.002 -20"><span class='ocrx_word' id='word_1_140' title='bbox 152 1737 262 1814; x_wconf 87' lang='lat' dir='ltr'><strong>irrupit</strong></span> <span class='ocrx_word' id='word_1_141' title='bbox 290 1734 469 1814; x_wconf 89' lang='lat' dir='ltr'><strong>duobusque</strong></span> <span class='ocrx_word' id='word_1_142' title='bbox 496 1736 664 1795; x_wconf 89' lang='lat' dir='ltr'><strong>interfectis</strong></span> <span class='ocrx_word' id='word_1_143' title='bbox 691 1734 824 1812; x_wconf 89' lang='lat' dir='ltr'><strong>reliquos</strong></span> <span class='ocrx_word' id='word_1_144' title='bbox 852 1753 869 1793; x_wconf 94' lang='lat' dir='ltr'><strong>a</strong></span> <span class='ocrx_word' id='word_1_145' title='bbox 896 1741 982 1813; x_wconf 90' lang='lat' dir='ltr'><strong>porta</strong></span> <span class='ocrx_word' id='word_1_146' title='bbox 1014 1732 1136 1811; x_wconf 90' lang='lat' dir='ltr'><strong>paulum</strong></span> <span class='ocrx_word' id='word_1_147' title='bbox 1164 1737 1331 1796; x_wconf 86' lang='lat' dir='ltr'><strong>summovit.</strong></span> 
     </span>
     <span class='ocr_line' id='line_1_18' title="bbox 153 1822 1331 1903; baseline 0.002 -21"><span class='ocrx_word' id='word_1_148' title='bbox 153 1822 337 1885; x_wconf 84' lang='lat' dir='ltr'><strong>Conantibus</strong></span> <span class='ocrx_word' id='word_1_149' title='bbox 369 1823 504 1884; x_wconf 84' lang='lat' dir='ltr'><strong>auxiliari</strong></span> <span class='ocrx_word' id='word_1_150' title='bbox 526 1825 604 1903; x_wconf 91' lang='lat' dir='ltr'><strong>suis,</strong></span> <span class='ocrx_word' id='word_1_151' title='bbox 631 1823 768 1903; x_wconf 86' lang='lat' dir='ltr'><strong>Frustra,</strong></span> <span class='ocrx_word' id='word_1_152' title='bbox 801 1824 912 1902; x_wconf 88' lang='lat' dir='ltr'><strong>inquit,</strong></span> <span class='ocrx_word' id='word_1_153' title='bbox 946 1840 1029 1881; x_wconf 90' lang='lat' dir='ltr'><strong>meae</strong></span> <span class='ocrx_word' id='word_1_154' title='bbox 1061 1823 1138 1882; x_wconf 86' lang='lat' dir='ltr'><strong>vitae</strong></span> <span class='ocrx_word' id='word_1_155' title='bbox 1172 1822 1331 1884; x_wconf 88' lang='lat' dir='ltr'><strong>subvenire</strong></span> 
     </span>
     <span class='ocr_line' id='line_1_19' title="bbox 152 1909 1333 1993; baseline 0.001 -21"><span class='ocrx_word' id='word_1_156' title='bbox 152 1915 313 1993; x_wconf 88' lang='lat' dir='ltr'><strong>conamini,</strong></span> <span class='ocrx_word' id='word_1_157' title='bbox 347 1931 435 1991; x_wconf 90' lang='lat' dir='ltr'><strong>quem</strong></span> <span class='ocrx_word' id='word_1_158' title='bbox 465 1914 524 1972; x_wconf 92' lang='lat' dir='ltr'><strong>iam</strong></span> <span class='ocrx_word' id='word_1_159' title='bbox 556 1914 676 1991; x_wconf 91' lang='lat' dir='ltr'><strong>sanguis</strong></span> <span class='ocrx_word' id='word_1_160' title='bbox 709 1914 847 1990; x_wconf 88' lang='lat' dir='ltr'><strong>viresque</strong></span> <span class='ocrx_word' id='word_1_161' title='bbox 880 1911 1030 1971; x_wconf 87' lang='lat' dir='ltr'><strong>deficiunt.</strong></span> <span class='ocrx_word' id='word_1_162' title='bbox 1082 1909 1211 1972; x_wconf 89' lang='lat' dir='ltr'><strong>Proinde</strong></span> <span class='ocrx_word' id='word_1_163' title='bbox 1244 1911 1333 1988; x_wconf 85' lang='lat' dir='ltr'><strong>abite,</strong></span> 
     </span>
     <span class='ocr_line' id='line_1_20' title="bbox 151 1997 1333 2081; baseline 0.003 -23"><span class='ocrx_word' id='word_1_164' title='bbox 151 1999 222 2061; x_wconf 92' lang='lat' dir='ltr'><strong>dnm</strong></span> <span class='ocrx_word' id='word_1_165' title='bbox 246 2009 292 2062; x_wconf 87' lang='lat' dir='ltr'><strong>est</strong></span> <span class='ocrx_word' id='word_1_166' title='bbox 322 2001 459 2081; x_wconf 85' lang='lat' dir='ltr'><strong>facultas,</strong></span> <span class='ocrx_word' id='word_1_167' title='bbox 481 2019 594 2080; x_wconf 75' lang='lat' dir='ltr'><strong>rosque</strong></span> <span class='ocrx_word' id='word_1_168' title='bbox 618 2001 654 2060; x_wconf 92' lang='lat' dir='ltr'><strong>ad</strong></span> <span class='ocrx_word' id='word_1_169' title='bbox 683 1999 831 2079; x_wconf 89' lang='lat' dir='ltr'><strong>legionem</strong></span> <span class='ocrx_word' id='word_1_170' title='bbox 855 2001 988 2078; x_wconf 88' lang='lat' dir='ltr'><strong>recipite.</strong></span> <span class='ocrx_word' id='word_1_171' title='bbox 1034 1997 1077 2058; x_wconf 91' lang='lat' dir='ltr'><strong>lta</strong></span> <span class='ocrx_word' id='word_1_172' title='bbox 1105 2017 1242 2078; x_wconf 89' lang='lat' dir='ltr'><strong>pugnans</strong></span> <span class='ocrx_word' id='word_1_173' title='bbox 1264 2009 1333 2080; x_wconf 89' lang='lat' dir='ltr'><strong>post</strong></span> 
     </span>
     <span class='ocr_line' id='line_1_21' title="bbox 150 2089 774 2167; baseline -0.002 -18"><span class='ocrx_word' id='word_1_174' title='bbox 150 2089 271 2167; x_wconf 87' lang='lat' dir='ltr'><strong>paulum</strong></span> <span class='ocrx_word' id='word_1_175' title='bbox 297 2089 431 2150; x_wconf 93' lang='lat' dir='ltr'><strong>concidit</strong></span> <span class='ocrx_word' id='word_1_176' title='bbox 454 2107 488 2149; x_wconf 91' lang='lat' dir='ltr'><strong>ac</strong></span> <span class='ocrx_word' id='word_1_177' title='bbox 512 2092 576 2149; x_wconf 90' lang='lat' dir='ltr'><strong>suis</strong></span> <span class='ocrx_word' id='word_1_178' title='bbox 600 2089 687 2149; x_wconf 90' lang='lat' dir='ltr'><strong>saluti</strong></span> <span class='ocrx_word' id='word_1_179' title='bbox 709 2089 774 2149; x_wconf 87' lang='lat' dir='ltr'><strong>fuit.</strong></span> 
     </span>
    </p>
   </div>
   <div class='ocr_carea' id='block_1_3' title="bbox 144 2191 1335 2629">
    <p class='ocr_par' dir='ltr' id='par_1_7' title="bbox 144 2191 1335 2629">
     <span class='ocr_line' id='line_1_22' title="bbox 144 2191 1335 2276; baseline 0.001 -20"><span class='ocrx_word' id='word_1_180' title='bbox 144 2234 151 2267; x_wconf 74' lang='lat'><strong>,</strong></span> <span class='ocrx_word' id='word_1_181' title='bbox 240 2191 292 2256; x_wconf 85' lang='lat'><strong>51.</strong></span> <span class='ocrx_word' id='word_1_182' title='bbox 322 2195 435 2276; x_wconf 90' lang='lat' dir='ltr'><strong>Nostri,</strong></span> <span class='ocrx_word' id='word_1_183' title='bbox 464 2214 531 2255; x_wconf 90' lang='lat' dir='ltr'><strong>cum</strong></span> <span class='ocrx_word' id='word_1_184' title='bbox 560 2195 694 2274; x_wconf 90' lang='lat' dir='ltr'><strong>undique</strong></span> <span class='ocrx_word' id='word_1_185' title='bbox 728 2202 955 2275; x_wconf 90' lang='lat' dir='ltr'><strong>premerentur,</strong></span> <span class='ocrx_word' id='word_1_186' title='bbox 986 2193 1075 2253; x_wconf 85' lang='lat' dir='ltr'>XLVI</span> <span class='ocrx_word' id='word_1_187' title='bbox 1106 2195 1335 2257; x_wconf 88' lang='lat' dir='ltr'><strong>centurionibus</strong></span> 
     </span>
     <span class='ocr_line' id='line_1_23' title="bbox 150 2281 1335 2363; baseline 0.003 -20"><span class='ocrx_word' id='word_1_188' title='bbox 150 2285 266 2343; x_wconf 91' lang='lat' dir='ltr'><strong>amissis</strong></span> <span class='ocrx_word' id='word_1_189' title='bbox 301 2283 410 2344; x_wconf 91' lang='lat' dir='ltr'><strong>deiecti</strong></span> <span class='ocrx_word' id='word_1_190' title='bbox 443 2291 513 2344; x_wconf 92' lang='lat' dir='ltr'><strong>sunt</strong></span> <span class='ocrx_word' id='word_1_191' title='bbox 546 2283 619 2344; x_wconf 90' lang='lat' dir='ltr'><strong>loco.</strong></span> <span class='ocrx_word' id='word_1_192' title='bbox 657 2283 734 2344; x_wconf 85' lang='lat' dir='ltr'><strong>&#39;Sed</strong></span> <span class='ocrx_word' id='word_1_193' title='bbox 766 2283 975 2344; x_wconf 89' lang='lat' dir='ltr'><strong>intolerantius</strong></span> <span class='ocrx_word' id='word_1_194' title='bbox 1008 2281 1107 2342; x_wconf 82' lang='lat' dir='ltr'><strong>Gades</strong></span> <span class='ocrx_word' id='word_1_195' title='bbox 1139 2286 1335 2363; x_wconf 88' lang='lat' dir='ltr'><strong>insequentes</strong></span> 
     </span>
     <span class='ocr_line' id='line_1_24' title="bbox 149 2370 1333 2452; baseline 0.003 -22"><span class='ocrx_word' id='word_1_196' title='bbox 149 2370 225 2449; x_wconf 90' lang='lat' dir='ltr'><strong>legio</strong></span> <span class='ocrx_word' id='word_1_197' title='bbox 244 2370 279 2432; x_wconf 88' lang='lat' dir='ltr'><strong>X.</strong></span> <span class='ocrx_word' id='word_1_198' title='bbox 301 2370 442 2452; x_wconf 90' lang='lat' dir='ltr'><strong>tardavit,</strong></span> <span class='ocrx_word' id='word_1_199' title='bbox 467 2390 541 2450; x_wconf 87' lang='lat' dir='ltr'><strong>quae</strong></span> <span class='ocrx_word' id='word_1_200' title='bbox 565 2390 620 2451; x_wconf 88' lang='lat' dir='ltr'><strong>pro</strong></span> <span class='ocrx_word' id='word_1_201' title='bbox 640 2371 773 2432; x_wconf 89' lang='lat' dir='ltr'><strong>subsidio</strong></span> <span class='ocrx_word' id='word_1_202' title='bbox 797 2372 885 2451; x_wconf 93' lang='lat' dir='ltr'><strong>paulo</strong></span> <span class='ocrx_word' id='word_1_203' title='bbox 905 2373 1044 2450; x_wconf 89' lang='lat' dir='ltr'><strong>aequiore</strong></span> <span class='ocrx_word' id='word_1_204' title='bbox 1064 2371 1130 2432; x_wconf 93' lang='lat' dir='ltr'><strong>loco</strong></span> <span class='ocrx_word' id='word_1_205' title='bbox 1149 2374 1333 2435; x_wconf 90' lang='lat' dir='ltr'><strong>constiterat.</strong></span> 
     </span>
     <span class='ocr_line' id='line_1_25' title="bbox 153 2458 1333 2540; baseline 0.005 -23"><span class='ocrx_word' id='word_1_206' title='bbox 153 2458 236 2518; x_wconf 91' lang='lat' dir='ltr'><strong>Hanc</strong></span> <span class='ocrx_word' id='word_1_207' title='bbox 265 2478 372 2519; x_wconf 92' lang='lat' dir='ltr'><strong>rursus</strong></span> <span class='ocrx_word' id='word_1_208' title='bbox 399 2459 475 2519; x_wconf 85' lang='lat' dir='ltr'><strong>Xlll.</strong></span> <span class='ocrx_word' id='word_1_209' title='bbox 503 2460 628 2538; x_wconf 89' lang='lat' dir='ltr'><strong>legionis</strong></span> <span class='ocrx_word' id='word_1_210' title='bbox 656 2461 795 2522; x_wconf 92' lang='lat' dir='ltr'><strong>cohortes</strong></span> <span class='ocrx_word' id='word_1_211' title='bbox 824 2468 1021 2540; x_wconf 79' lang='lat' dir='ltr'><strong>exceperunt,</strong></span> <span class='ocrx_word' id='word_1_212' title='bbox 1053 2479 1130 2539; x_wconf 89' lang='lat' dir='ltr'><strong>qnae</strong></span> <span class='ocrx_word' id='word_1_213' title='bbox 1160 2480 1196 2521; x_wconf 84' lang='lat' dir='ltr'><strong>ex</strong></span> <span class='ocrx_word' id='word_1_214' title='bbox 1224 2464 1333 2523; x_wconf 91' lang='lat' dir='ltr'><strong>castris</strong></span> 
     </span>
     <span class='ocr_line' id='line_1_26' title="bbox 152 2547 1332 2629; baseline 0.003 -23"><span class='ocrx_word' id='word_1_215' title='bbox 152 2547 319 2608; x_wconf 93' lang='lat' dir='ltr'><strong>minoribus</strong></span> <span class='ocrx_word' id='word_1_216' title='bbox 343 2548 466 2608; x_wconf 89' lang='lat' dir='ltr'><strong>eductae</strong></span> <span class='ocrx_word' id='word_1_217' title='bbox 491 2567 559 2609; x_wconf 93' lang='lat' dir='ltr'><strong>cum</strong></span> <span class='ocrx_word' id='word_1_218' title='bbox 583 2549 650 2609; x_wconf 86' lang='lat' dir='ltr'><strong>Tito</strong></span> <span class='ocrx_word' id='word_1_219' title='bbox 671 2549 771 2610; x_wconf 82' lang='lat' dir='ltr'><strong>Sextio</strong></span> <span class='ocrx_word' id='word_1_220' title='bbox 795 2549 891 2627; x_wconf 93' lang='lat' dir='ltr'><strong>legato</strong></span> <span class='ocrx_word' id='word_1_221' title='bbox 916 2556 1057 2628; x_wconf 87' lang='lat' dir='ltr'><strong>ceperant</strong></span> <span class='ocrx_word' id='word_1_222' title='bbox 1079 2548 1178 2610; x_wconf 93' lang='lat' dir='ltr'><strong>locum</strong></span> <span class='ocrx_word' id='word_1_223' title='bbox 1197 2552 1332 2629; x_wconf 80' lang='lat' dir='ltr'><strong>superio</strong></span> 
     </span>
    </p>
   </div>
   <div class='ocr_carea' id='block_1_4' title="bbox 144 2770 1385 4474">
    <p class='ocr_par' dir='ltr' id='par_1_8' title="bbox 144 2770 1385 4474">
     <span class='ocr_line' id='line_1_27' title="bbox 185 2770 1332 2843; baseline 0.001 -17"><span class='ocrx_word' id='word_1_224' title='bbox 185 2770 251 2841; x_wconf 83' lang='lat' dir='ltr'><strong>Cap.</strong></span> <span class='ocrx_word' id='word_1_225' title='bbox 272 2777 313 2826; x_wconf 82' lang='lat'><strong>50.</strong></span> <span class='ocrx_word' id='word_1_226' title='bbox 344 2779 367 2827; x_wconf 92' lang='lat'><strong>1.</strong></span> <span class='ocrx_word' id='word_1_227' title='bbox 387 2775 615 2843; x_wconf 74' lang='lat' dir='ltr'><strong>pugnaretur,</strong></span> <span class='ocrx_word' id='word_1_228' title='bbox 634 2773 721 2832; x_wconf 17' lang='lat' dir='ltr'><strong>hos-⁴</strong></span> <span class='ocrx_word' id='word_1_229' title='bbox 768 2778 793 2828; x_wconf 85' lang='lat'><strong>4.</strong></span> <span class='ocrx_word' id='word_1_230' title='bbox 807 2774 925 2842; x_wconf 84' lang='lat' dir='ltr'><strong>portas</strong></span> <span class='ocrx_word' id='word_1_231' title='bbox 943 2772 1071 2827; x_wconf 85' lang='lat' dir='ltr'><strong>verstehe</strong></span> <span class='ocrx_word' id='word_1_232' title='bbox 1088 2772 1150 2827; x_wconf 90' lang='lat' dir='ltr'><strong>bier</strong></span> <span class='ocrx_word' id='word_1_233' title='bbox 1162 2789 1219 2827; x_wconf 84' lang='lat' dir='ltr'><strong>von</strong></span> <span class='ocrx_word' id='word_1_234' title='bbox 1232 2772 1332 2828; x_wconf 77' lang='lat' dir='ltr'><strong>Eiuem</strong></span> 
     </span>
     <span class='ocr_line' id='line_1_28' title="bbox 148 2842 1331 2914; baseline 0 -16"><span class='ocrx_word' id='word_1_235' title='bbox 148 2845 213 2898; x_wconf 87' lang='lat' dir='ltr'><strong>tes:</strong></span> <span class='ocrx_word' id='word_1_236' title='bbox 232 2842 302 2898; x_wconf 79' lang='lat' dir='ltr'><strong>iiber</strong></span> <span class='ocrx_word' id='word_1_237' title='bbox 321 2843 411 2898; x_wconf 87' lang='lat' dir='ltr'><strong>dieses</strong></span> <span class='ocrx_word' id='word_1_238' title='bbox 425 2844 589 2914; x_wconf 77' lang='lat' dir='ltr'><strong>Asyndeton</strong></span> <span class='ocrx_word' id='word_1_239' title='bbox 604 2863 625 2901; x_wconf 91' lang='lat' dir='ltr'><strong>s.</strong></span> <span class='ocrx_word' id='word_1_240' title='bbox 640 2850 666 2913; x_wconf 80' lang='lat'><strong>4,</strong></span> <span class='ocrx_word' id='word_1_241' title='bbox 678 2851 713 2900; x_wconf 80' lang='lat'><strong>27</strong></span> <span class='ocrx_word' id='word_1_242' title='bbox 767 2843 867 2898; x_wconf 84' lang='lat' dir='ltr'><strong>There.</strong></span> <span class='ocrx_word' id='word_1_243' title='bbox 885 2873 920 2883; x_wconf 92' lang='lat'><em>-</em></span> <span class='ocrx_word' id='word_1_244' title='bbox 938 2842 1112 2898; x_wconf 81' lang='lat' dir='ltr'><strong>excidere:</strong></span> <span class='ocrx_word' id='word_1_245' title='bbox 1131 2843 1277 2899; x_wconf 79' lang='lat' dir='ltr'><strong>einhauen.</strong></span> <span class='ocrx_word' id='word_1_246' title='bbox 1297 2875 1331 2884; x_wconf 92' lang='lat'><em>-</em></span> 
     </span>
     <span class='ocr_line' id='line_1_29' title="bbox 148 2912 1330 2984; baseline 0.003 -17"><span class='ocrx_word' id='word_1_247' title='bbox 148 2932 182 2968; x_wconf 84' lang='lat' dir='ltr'><strong>zu</strong></span> <span class='ocrx_word' id='word_1_248' title='bbox 196 2912 340 2982; x_wconf 86' lang='lat' dir='ltr'><strong>miserunt,</strong></span> <span class='ocrx_word' id='word_1_249' title='bbox 354 2914 476 2984; x_wconf 81' lang='lat' dir='ltr'><strong>polliciti</strong></span> <span class='ocrx_word' id='word_1_250' title='bbox 486 2918 560 2984; x_wconf 88' lang='lat' dir='ltr'><strong>sunt,</strong></span> <span class='ocrx_word' id='word_1_251' title='bbox 573 2915 631 2970; x_wconf 89' lang='lat' dir='ltr'><strong>und</strong></span> <span class='ocrx_word' id='word_1_252' title='bbox 644 2916 714 2970; x_wconf 79' lang='lat' dir='ltr'><strong>fiber</strong></span> <span class='ocrx_word' id='word_1_253' title='bbox 768 2914 835 2969; x_wconf 88' lang='lat' dir='ltr'><strong>sibi</strong></span> <span class='ocrx_word' id='word_1_254' title='bbox 849 2914 1049 2984; x_wconf 84' lang='lat' dir='ltr'><strong>desperans:</strong></span> <span class='ocrx_word' id='word_1_255' title='bbox 1062 2912 1188 2984; x_wconf 89' lang='lat' dir='ltr'><strong>Beispiel</strong></span> <span class='ocrx_word' id='word_1_256' title='bbox 1200 2933 1249 2969; x_wconf 85' lang='lat' dir='ltr'><strong>zur</strong></span> <span class='ocrx_word' id='word_1_257' title='bbox 1259 2914 1330 2970; x_wconf 82' lang='lat' dir='ltr'><strong>Cou-</strong></span> 
     </span>
     <span class='ocr_line' id='line_1_30' title="bbox 147 2984 1330 3054; baseline 0.002 -16"><span class='ocrx_word' id='word_1_258' title='bbox 147 2984 198 3039; x_wconf 88' lang='lat' dir='ltr'><strong>das</strong></span> <span class='ocrx_word' id='word_1_259' title='bbox 224 2984 255 3038; x_wconf 90' lang='lat' dir='ltr'><strong>in</strong></span> <span class='ocrx_word' id='word_1_260' title='bbox 281 2985 376 3039; x_wconf 87' lang='lat' dir='ltr'><strong>hostes</strong></span> <span class='ocrx_word' id='word_1_261' title='bbox 404 3017 438 3027; x_wconf 92' lang='lat'><em>-</em></span> <span class='ocrx_word' id='word_1_262' title='bbox 467 3003 596 3054; x_wconf 88' lang='lat' dir='ltr'><strong>numero,</strong></span> <span class='ocrx_word' id='word_1_263' title='bbox 624 2987 713 3042; x_wconf 79' lang='lat' dir='ltr'><strong>nostri</strong></span> <span class='ocrx_word' id='word_1_264' title='bbox 767 2986 863 3040; x_wconf 88' lang='lat' dir='ltr'><strong>struet.</strong></span> <span class='ocrx_word' id='word_1_265' title='bbox 882 3001 939 3040; x_wconf 86' lang='lat' dir='ltr'><strong>von</strong></span> <span class='ocrx_word' id='word_1_266' title='bbox 959 2985 1106 3054; x_wconf 77' lang='lat' dir='ltr'><strong>desperare</strong></span> <span class='ocrx_word' id='word_1_267' title='bbox 1124 2984 1179 3039; x_wconf 89' lang='lat' dir='ltr'><strong>mit</strong></span> <span class='ocrx_word' id='word_1_268' title='bbox 1196 2985 1262 3040; x_wconf 89' lang='lat' dir='ltr'><strong>dem</strong></span> <span class='ocrx_word' id='word_1_269' title='bbox 1274 2985 1330 3041; x_wconf 81' lang='lat' dir='ltr'><strong>Da·</strong></span> 
     </span>
     <span class='ocr_line' id='line_1_31' title="bbox 148 3055 1331 3126; baseline 0.002 -16"><span class='ocrx_word' id='word_1_270' title='bbox 148 3055 350 3111; x_wconf 84' lang='lat' dir='ltr'><strong>stettfiudeude</strong></span> <span class='ocrx_word' id='word_1_271' title='bbox 368 3057 445 3111; x_wconf 86' lang='lat' dir='ltr'><strong>siche</strong></span> <span class='ocrx_word' id='word_1_272' title='bbox 465 3057 712 3124; x_wconf 73' lang='lat' dir='ltr'><strong>1,182ueoneil.</strong></span> <span class='ocrx_word' id='word_1_273' title='bbox 765 3055 816 3110; x_wconf 85' lang='lat' dir='ltr'><strong>tir.</strong></span> <span class='ocrx_word' id='word_1_274' title='bbox 841 3087 875 3095; x_wconf 93' lang='lat'><strong>—</strong></span> <span class='ocrx_word' id='word_1_275' title='bbox 900 3055 1077 3121; x_wconf 80' lang='lat' dir='ltr'><strong>Quoniam:</strong></span> <span class='ocrx_word' id='word_1_276' title='bbox 1102 3074 1123 3110; x_wconf 87' lang='lat' dir='ltr'><strong>s.</strong></span> <span class='ocrx_word' id='word_1_277' title='bbox 1142 3061 1172 3126; x_wconf 81' lang='lat'><strong>5,</strong></span> <span class='ocrx_word' id='word_1_278' title='bbox 1190 3062 1238 3125; x_wconf 78' lang='lat'><strong>49,</strong></span> <span class='ocrx_word' id='word_1_279' title='bbox 1258 3063 1275 3112; x_wconf 85' lang='lat'><strong>6</strong></span> <span class='ocrx_word' id='word_1_280' title='bbox 1297 3074 1331 3111; x_wconf 78' lang='lat' dir='ltr'><strong>zu</strong></span> 
     </span>
     <span class='ocr_line' id='line_1_32' title="bbox 148 3126 1330 3197; baseline 0.001 -17"><span class='ocrx_word' id='word_1_281' title='bbox 148 3126 276 3182; x_wconf 84' lang='lat' dir='ltr'><strong>dimittit.</strong></span> <span class='ocrx_word' id='word_1_282' title='bbox 307 3141 348 3167; x_wconf 82' lang='grc'><strong>-·</strong></span> <span class='ocrx_word' id='word_1_283' title='bbox 368 3128 410 3182; x_wconf 81' lang='lat' dir='ltr'><strong>ab</strong></span> <span class='ocrx_word' id='word_1_284' title='bbox 437 3129 553 3183; x_wconf 80' lang='lat' dir='ltr'><strong>latere</strong></span> <span class='ocrx_word' id='word_1_285' title='bbox 585 3127 711 3183; x_wconf 87' lang='lat' dir='ltr'><strong>uostris</strong></span> <span class='ocrx_word' id='word_1_286' title='bbox 766 3126 1046 3182; x_wconf 81' lang='lat' dir='ltr'><strong>dW-vestrse</strong></span> <span class='ocrx_word' id='word_1_287' title='bbox 1065 3126 1204 3197; x_wconf 89' lang='lat' dir='ltr'><strong>quidem</strong></span> <span class='ocrx_word' id='word_1_288' title='bbox 1222 3129 1330 3183; x_wconf 84' lang='lat' dir='ltr'><strong>certe:</strong></span> 
     </span>
     <span class='ocr_line' id='line_1_33' title="bbox 147 3197 1330 3267; baseline 0.002 -17"><span class='ocrx_word' id='word_1_289' title='bbox 147 3198 282 3266; x_wconf 85' lang='lat' dir='ltr'><strong>aperto:</strong></span> <span class='ocrx_word' id='word_1_290' title='bbox 311 3199 413 3252; x_wconf 90' lang='lat' dir='ltr'><strong>uostris</strong></span> <span class='ocrx_word' id='word_1_291' title='bbox 435 3197 474 3255; x_wconf 86' lang='lat' dir='ltr'><strong>ist</strong></span> <span class='ocrx_word' id='word_1_292' title='bbox 496 3199 542 3253; x_wconf 89' lang='lat' dir='ltr'><strong>eiu</strong></span> <span class='ocrx_word' id='word_1_293' title='bbox 559 3197 646 3253; x_wconf 85' lang='lat' dir='ltr'><strong>Dativ</strong></span> <span class='ocrx_word' id='word_1_294' title='bbox 667 3199 710 3254; x_wconf 90' lang='lat' dir='ltr'><strong>in-</strong></span> <span class='ocrx_word' id='word_1_295' title='bbox 764 3197 834 3252; x_wconf 77' lang='lat' dir='ltr'><strong>iibsr</strong></span> <span class='ocrx_word' id='word_1_296' title='bbox 853 3197 965 3266; x_wconf 88' lang='lat' dir='ltr'><strong>quidem</strong></span> <span class='ocrx_word' id='word_1_297' title='bbox 984 3216 1004 3252; x_wconf 89' lang='lat' dir='ltr'><strong>s.</strong></span> <span class='ocrx_word' id='word_1_298' title='bbox 1017 3203 1041 3265; x_wconf 91' lang='lat'><strong>1,</strong></span> <span class='ocrx_word' id='word_1_299' title='bbox 1052 3202 1134 3267; x_wconf 80' lang='lat'><strong>58,6;</strong></span> <span class='ocrx_word' id='word_1_300' title='bbox 1154 3200 1243 3254; x_wconf 81' lang='lat' dir='ltr'><strong>certe:</strong></span> <span class='ocrx_word' id='word_1_301' title='bbox 1257 3198 1330 3253; x_wconf 89' lang='lat' dir='ltr'><strong>doeh</strong></span> 
     </span>
     <span class='ocr_line' id='line_1_34' title="bbox 147 3267 1330 3339; baseline 0.003 -19"><span class='ocrx_word' id='word_1_302' title='bbox 147 3268 299 3336; x_wconf 80' lang='lat' dir='ltr'><strong>commodi3</strong></span> <span class='ocrx_word' id='word_1_303' title='bbox 319 3269 392 3323; x_wconf 75' lang='lat' dir='ltr'><strong>iubs:</strong></span> <span class='ocrx_word' id='word_1_304' title='bbox 411 3270 442 3323; x_wconf 90' lang='lat' dir='ltr'><strong>in</strong></span> <span class='ocrx_word' id='word_1_305' title='bbox 456 3269 506 3324; x_wconf 92' lang='lat' dir='ltr'><strong>der</strong></span> <span class='ocrx_word' id='word_1_306' title='bbox 515 3269 624 3325; x_wconf 83' lang='lat' dir='ltr'><strong>offensu</strong></span> <span class='ocrx_word' id='word_1_307' title='bbox 638 3269 711 3338; x_wconf 86' lang='lat' dir='ltr'><strong>(hier</strong></span> <span class='ocrx_word' id='word_1_308' title='bbox 764 3268 957 3339; x_wconf 83' lang='lat' dir='ltr'><strong>gewiss,doch</strong></span> <span class='ocrx_word' id='word_1_309' title='bbox 965 3267 1330 3338; x_wconf 57' lang='lat' dir='ltr'><strong>uenustus-vestrae</strong></span> 
     </span>
     <span class='ocr_line' id='line_1_35' title="bbox 148 3337 1331 3410; baseline 0.003 -19"><span class='ocrx_word' id='word_1_310' title='bbox 148 3337 198 3392; x_wconf 90' lang='lat' dir='ltr'><strong>der</strong></span> <span class='ocrx_word' id='word_1_311' title='bbox 215 3338 341 3407; x_wconf 88' lang='lat' dir='ltr'><strong>rechten)</strong></span> <span class='ocrx_word' id='word_1_312' title='bbox 359 3339 475 3394; x_wconf 82' lang='lat' dir='ltr'><strong>Flanke.</strong></span> <span class='ocrx_word' id='word_1_313' title='bbox 494 3370 528 3380; x_wconf 91' lang='lat'><strong>-—</strong></span> <span class='ocrx_word' id='word_1_314' title='bbox 549 3357 632 3410; x_wconf 87' lang='lat' dir='ltr'><strong>quos</strong></span> <span class='ocrx_word' id='word_1_315' title='bbox 650 3341 708 3397; x_wconf 83' lang='lat' dir='ltr'><strong>bez.</strong></span> <span class='ocrx_word' id='word_1_316' title='bbox 765 3370 799 3380; x_wconf 91' lang='lat'><strong>-·</strong></span> <span class='ocrx_word' id='word_1_317' title='bbox 817 3339 912 3394; x_wconf 85' lang='lat' dir='ltr'><strong>vitae</strong></span> <span class='ocrx_word' id='word_1_318' title='bbox 930 3339 1155 3409; x_wconf 74' lang='lat' dir='ltr'><strong>prospiciam:</strong></span> <span class='ocrx_word' id='word_1_319' title='bbox 1173 3339 1267 3409; x_wconf 85' lang='lat' dir='ltr'><strong>Beisp.</strong></span> <span class='ocrx_word' id='word_1_320' title='bbox 1284 3339 1331 3394; x_wconf 80' lang='lat' dir='ltr'><strong>fur</strong></span> 
     </span>
     <span class='ocr_line' id='line_1_36' title="bbox 146 3408 1331 3480; baseline 0.002 -17"><span class='ocrx_word' id='word_1_321' title='bbox 146 3408 198 3463; x_wconf 76' lang='lat' dir='ltr'><strong>auf</strong></span> <span class='ocrx_word' id='word_1_322' title='bbox 212 3408 316 3474; x_wconf 84' lang='lat' dir='ltr'><strong>Aedui3</strong></span> <span class='ocrx_word' id='word_1_323' title='bbox 334 3408 404 3463; x_wconf 78' lang='lat' dir='ltr'><strong>tiber</strong></span> <span class='ocrx_word' id='word_1_324' title='bbox 423 3410 468 3464; x_wconf 86' lang='lat' dir='ltr'><strong>die</strong></span> <span class='ocrx_word' id='word_1_325' title='bbox 488 3411 578 3466; x_wconf 83' lang='lat' dir='ltr'><strong>Seche</strong></span> <span class='ocrx_word' id='word_1_326' title='bbox 596 3429 617 3464; x_wconf 87' lang='lat' dir='ltr'><strong>s.</strong></span> <span class='ocrx_word' id='word_1_327' title='bbox 637 3428 659 3466; x_wconf 91' lang='lat' dir='ltr'><strong>c.</strong></span> <span class='ocrx_word' id='word_1_328' title='bbox 675 3417 708 3466; x_wconf 80' lang='lat'><strong>45</strong></span> <span class='ocrx_word' id='word_1_329' title='bbox 764 3410 810 3466; x_wconf 88' lang='lat' dir='ltr'><strong>die</strong></span> <span class='ocrx_word' id='word_1_330' title='bbox 824 3409 1021 3466; x_wconf 78' lang='lat' dir='ltr'><strong>Constructiou</strong></span> <span class='ocrx_word' id='word_1_331' title='bbox 1035 3427 1092 3464; x_wconf 88' lang='lat' dir='ltr'><strong>von</strong></span> <span class='ocrx_word' id='word_1_332' title='bbox 1105 3409 1265 3480; x_wconf 78' lang='lat' dir='ltr'><strong>prospicere</strong></span> <span class='ocrx_word' id='word_1_333' title='bbox 1278 3410 1331 3465; x_wconf 88' lang='lat' dir='ltr'><strong>mit</strong></span> 
     </span>
     <span class='ocr_line' id='line_1_37' title="bbox 147 3479 1331 3551; baseline 0.003 -19"><span class='ocrx_word' id='word_1_334' title='bbox 147 3497 182 3532; x_wconf 84' lang='lat' dir='ltr'><strong>zu</strong></span> <span class='ocrx_word' id='word_1_335' title='bbox 200 3479 226 3534; x_wconf 90' lang='lat' dir='ltr'><strong>d.</strong></span> <span class='ocrx_word' id='word_1_336' title='bbox 245 3479 290 3534; x_wconf 91' lang='lat' dir='ltr'><strong>W.</strong></span> <span class='ocrx_word' id='word_1_337' title='bbox 315 3509 349 3519; x_wconf 90' lang='lat'>-</span> <span class='ocrx_word' id='word_1_338' title='bbox 373 3480 445 3534; x_wconf 80' lang='lat' dir='ltr'><strong>alio</strong></span> <span class='ocrx_word' id='word_1_339' title='bbox 468 3497 625 3536; x_wconf 80' lang='lat' dir='ltr'><strong>ascensu:</strong></span> <span class='ocrx_word' id='word_1_340' title='bbox 644 3501 664 3536; x_wconf 93' lang='lat' dir='ltr'><strong>s.</strong></span> <span class='ocrx_word' id='word_1_341' title='bbox 685 3500 708 3538; x_wconf 91' lang='lat' dir='ltr'><strong>c.</strong></span> <span class='ocrx_word' id='word_1_342' title='bbox 763 3481 828 3536; x_wconf 89' lang='lat' dir='ltr'><strong>dem</strong></span> <span class='ocrx_word' id='word_1_343' title='bbox 839 3480 1182 3551; x_wconf 71' lang='lat' dir='ltr'><strong>Datin-cupiditate</strong></span> <span class='ocrx_word' id='word_1_344' title='bbox 1195 3480 1331 3551; x_wconf 81' lang='lat' dir='ltr'><strong>gloriae</strong></span> 
     </span>
     <span class='ocr_line' id='line_1_38' title="bbox 146 3549 1330 3621; baseline 0.003 -18"><span class='ocrx_word' id='word_1_345' title='bbox 146 3555 181 3604; x_wconf 78' lang='lat'><strong>45</strong></span> <span class='ocrx_word' id='word_1_346' title='bbox 203 3568 237 3604; x_wconf 81' lang='lat' dir='ltr'><strong>zu</strong></span> <span class='ocrx_word' id='word_1_347' title='bbox 261 3550 286 3603; x_wconf 93' lang='lat' dir='ltr'><strong>d.</strong></span> <span class='ocrx_word' id='word_1_348' title='bbox 305 3549 349 3604; x_wconf 91' lang='lat' dir='ltr'><strong>W.</strong></span> <span class='ocrx_word' id='word_1_349' title='bbox 375 3581 408 3590; x_wconf 90' lang='lat'><em>—</em></span> <span class='ocrx_word' id='word_1_350' title='bbox 432 3568 562 3606; x_wconf 79' lang='lat' dir='ltr'><strong>manus:</strong></span> <span class='ocrx_word' id='word_1_351' title='bbox 585 3552 709 3607; x_wconf 71' lang='lat' dir='ltr'><strong>nbmlich</strong></span> <span class='ocrx_word' id='word_1_352' title='bbox 763 3551 950 3606; x_wconf 83' lang='lat' dir='ltr'><strong>adductus:</strong></span> <span class='ocrx_word' id='word_1_353' title='bbox 977 3552 1070 3606; x_wconf 85' lang='lat' dir='ltr'><strong>iibere.</strong></span> <span class='ocrx_word' id='word_1_354' title='bbox 1094 3552 1231 3621; x_wconf 73' lang='lat' dir='ltr'><strong>adductus</strong></span> <span class='ocrx_word' id='word_1_355' title='bbox 1256 3551 1330 3607; x_wconf 82' lang='lat' dir='ltr'><strong>uach</strong></span> 
     </span>
     <span class='ocr_line' id='line_1_39' title="bbox 146 3621 1331 3691; baseline 0.003 -17"><span class='ocrx_word' id='word_1_356' title='bbox 146 3621 278 3676; x_wconf 88' lang='lat' dir='ltr'><strong>hostium.</strong></span> <span class='ocrx_word' id='word_1_357' title='bbox 297 3651 330 3660; x_wconf 93' lang='lat'><em>-</em></span> <span class='ocrx_word' id='word_1_358' title='bbox 356 3627 380 3675; x_wconf 78' lang='lat'><strong>2.</strong></span> <span class='ocrx_word' id='word_1_359' title='bbox 401 3621 533 3677; x_wconf 85' lang='lat' dir='ltr'><strong>dextris</strong></span> <span class='ocrx_word' id='word_1_360' title='bbox 555 3622 709 3678; x_wconf 86' lang='lat' dir='ltr'><strong>humeris</strong></span> <span class='ocrx_word' id='word_1_361' title='bbox 765 3629 830 3691; x_wconf 79' lang='lat'><strong>1,2</strong></span> <span class='ocrx_word' id='word_1_362' title='bbox 854 3641 889 3676; x_wconf 82' lang='lat' dir='ltr'><strong>zu</strong></span> <span class='ocrx_word' id='word_1_363' title='bbox 912 3621 1052 3677; x_wconf 89' lang='lat' dir='ltr'><strong>inductus.</strong></span> <span class='ocrx_word' id='word_1_364' title='bbox 1076 3653 1110 3662; x_wconf 93' lang='lat'><em>-</em></span> <span class='ocrx_word' id='word_1_365' title='bbox 1134 3628 1160 3680; x_wconf 81' lang='lat'><strong>5.</strong></span> <span class='ocrx_word' id='word_1_366' title='bbox 1183 3622 1261 3677; x_wconf 90' lang='lat' dir='ltr'><strong>dum</strong></span> <span class='ocrx_word' id='word_1_367' title='bbox 1279 3624 1331 3678; x_wconf 85' lang='lat' dir='ltr'><strong>est</strong></span> 
     </span>
     <span class='ocr_line' id='line_1_40' title="bbox 147 3691 1329 3763; baseline 0.002 -16"><span class='ocrx_word' id='word_1_368' title='bbox 147 3691 298 3747; x_wconf 86' lang='lat' dir='ltr'><strong>exsertis</strong></span> <span class='ocrx_word' id='word_1_369' title='bbox 316 3692 476 3761; x_wconf 79' lang='lat' dir='ltr'><strong>(eutbldsst)</strong></span> <span class='ocrx_word' id='word_1_370' title='bbox 496 3693 560 3747; x_wconf 87' lang='lat' dir='ltr'><strong>siud</strong></span> <span class='ocrx_word' id='word_1_371' title='bbox 577 3694 710 3749; x_wconf 82' lang='lat' dir='ltr'><strong>Ablative</strong></span> <span class='ocrx_word' id='word_1_372' title='bbox 763 3693 927 3749; x_wconf 78' lang='lat' dir='ltr'><strong>facultas:</strong></span> <span class='ocrx_word' id='word_1_373' title='bbox 954 3692 1046 3763; x_wconf 86' lang='lat' dir='ltr'><strong>Beisp.</strong></span> <span class='ocrx_word' id='word_1_374' title='bbox 1074 3693 1120 3746; x_wconf 81' lang='lat' dir='ltr'><strong>fiir</strong></span> <span class='ocrx_word' id='word_1_375' title='bbox 1148 3693 1194 3749; x_wconf 84' lang='lat' dir='ltr'><strong>die</strong></span> <span class='ocrx_word' id='word_1_376' title='bbox 1218 3691 1329 3749; x_wconf 78' lang='lat' dir='ltr'><strong>Constr.</strong></span> 
     </span>
     <span class='ocr_line' id='line_1_41' title="bbox 146 3762 1330 3835; baseline 0.002 -18"><span class='ocrx_word' id='word_1_377' title='bbox 146 3762 197 3817; x_wconf 89' lang='lat' dir='ltr'><strong>der</strong></span> <span class='ocrx_word' id='word_1_378' title='bbox 223 3762 418 3834; x_wconf 75' lang='lat' dir='ltr'><strong>Eigenschaft3</strong></span> <span class='ocrx_word' id='word_1_379' title='bbox 449 3764 710 3821; x_wconf 70' lang='lat' dir='ltr'><strong>animadvertebam</strong></span> <span class='ocrx_word' id='word_1_380' title='bbox 764 3782 819 3821; x_wconf 90' lang='lat' dir='ltr'><strong>vou</strong></span> <span class='ocrx_word' id='word_1_381' title='bbox 838 3766 906 3819; x_wconf 91' lang='lat' dir='ltr'><strong>dum</strong></span> <span class='ocrx_word' id='word_1_382' title='bbox 924 3765 979 3818; x_wconf 86' lang='lat' dir='ltr'><strong>mit</strong></span> <span class='ocrx_word' id='word_1_383' title='bbox 998 3765 1063 3818; x_wconf 90' lang='lat' dir='ltr'><strong>dem</strong></span> <span class='ocrx_word' id='word_1_384' title='bbox 1080 3763 1181 3834; x_wconf 74' lang='lat' dir='ltr'><strong>Indis,</strong></span> <span class='ocrx_word' id='word_1_385' title='bbox 1201 3763 1330 3835; x_wconf 83' lang='lat' dir='ltr'><strong>degegen</strong></span> 
     </span>
     <span class='ocr_line' id='line_1_42' title="bbox 146 3833 1329 3905; baseline 0.004 -17"><span class='ocrx_word' id='word_1_386' title='bbox 146 3837 193 3888; x_wconf 88' lang='lat' dir='ltr'><strong>tur</strong></span> <span class='ocrx_word' id='word_1_387' title='bbox 208 3835 267 3889; x_wconf 84' lang='lat' dir='ltr'><strong>libs.</strong></span> <span class='ocrx_word' id='word_1_388' title='bbox 286 3833 484 3904; x_wconf 84' lang='lat' dir='ltr'><strong>unpersdnlich</strong></span> <span class='ocrx_word' id='word_1_389' title='bbox 502 3835 560 3889; x_wconf 90' lang='lat' dir='ltr'><strong>und</strong></span> <span class='ocrx_word' id='word_1_390' title='bbox 574 3836 640 3905; x_wconf 84' lang='lat' dir='ltr'><strong>jeus</strong></span> <span class='ocrx_word' id='word_1_391' title='bbox 653 3836 710 3890; x_wconf 87' lang='lat' dir='ltr'><strong>Ab·</strong></span> <span class='ocrx_word' id='word_1_392' title='bbox 764 3836 851 3905; x_wconf 84' lang='lat' dir='ltr'><strong>vergl.</strong></span> <span class='ocrx_word' id='word_1_393' title='bbox 873 3841 897 3905; x_wconf 91' lang='lat'><strong>1,</strong></span> <span class='ocrx_word' id='word_1_394' title='bbox 917 3841 932 3888; x_wconf 81' lang='lat' dir='ltr'><strong>&#39;l</strong></span> <span class='ocrx_word' id='word_1_395' title='bbox 951 3853 986 3889; x_wconf 85' lang='lat' dir='ltr'><strong>zu</strong></span> <span class='ocrx_word' id='word_1_396' title='bbox 1004 3834 1072 3889; x_wconf 90' lang='lat' dir='ltr'><strong>dum</strong></span> <span class='ocrx_word' id='word_1_397' title='bbox 1086 3864 1119 3875; x_wconf 89' lang='lat'>-</span> <span class='ocrx_word' id='word_1_398' title='bbox 1140 3834 1329 3893; x_wconf 79' lang='lat' dir='ltr'><strong>convenirent</strong></span> 
     </span>
     <span class='ocr_line' id='line_1_43' title="bbox 145 3904 1331 3991; baseline 0.002 -31"><span class='ocrx_word' id='word_1_399' title='bbox 145 3904 233 3988; x_wconf 67' lang='lat' dir='ltr'><strong>latire</strong></span> <span class='ocrx_word' id='word_1_400' title='bbox 252 3905 340 3959; x_wconf 88' lang='lat' dir='ltr'><strong>durch</strong></span> <span class='ocrx_word' id='word_1_401' title='bbox 359 3904 441 3960; x_wconf 88' lang='lat' dir='ltr'><strong>einen</strong></span> <span class='ocrx_word' id='word_1_402' title='bbox 458 3922 567 3989; x_wconf 81' lang='lat' dir='ltr'><strong>gsnzen</strong></span> <span class='ocrx_word' id='word_1_403' title='bbox 585 3906 659 3990; x_wconf 80' lang='lat' dir='ltr'><strong>Satn.</strong></span> <span class='ocrx_word' id='word_1_404' title='bbox 675 3938 708 3991; x_wconf 44' lang='grc' dir='ltr'>ᾗ</span> <span class='ocrx_word' id='word_1_405' title='bbox 765 3908 893 3978; x_wconf 88' lang='lat' dir='ltr'><strong>-post</strong></span> <span class='ocrx_word' id='word_1_406' title='bbox 911 3905 1062 3988; x_wconf 74' lang='lat' dir='ltr'><strong>paulum:</strong></span> <span class='ocrx_word' id='word_1_407' title='bbox 1081 3905 1164 3960; x_wconf 81' lang='lat' dir='ltr'><strong>dofdr</strong></span> <span class='ocrx_word' id='word_1_408' title='bbox 1177 3922 1201 3962; x_wconf 80' lang='lat' dir='ltr'><strong>e.</strong></span> <span class='ocrx_word' id='word_1_409' title='bbox 1216 3911 1251 3961; x_wconf 83' lang='lat'><strong>60</strong></span> <span class='ocrx_word' id='word_1_410' title='bbox 1264 3909 1331 3976; x_wconf 85' lang='lat' dir='ltr'><strong>post</strong></span> 
     </span>
     <span class='ocr_line' id='line_1_44' title="bbox 145 3976 1330 4130; baseline 0.001 -28"><span class='ocrx_word' id='word_1_411' title='bbox 145 3979 488 4130; x_wconf 57' lang='lat' dir='ltr'><strong>stercorata</strong></span> <span class='ocrx_word' id='word_1_412' title='bbox 500 3978 709 4118; x_wconf 65' lang='lat' dir='ltr'><strong>..subtr</strong></span> <span class='ocrx_word' id='word_1_413' title='bbox 763 3977 862 4128; x_wconf 70' lang='lat' dir='ltr'><strong>mh</strong></span> <span class='ocrx_word' id='word_1_414' title='bbox 887 3976 1330 4130; x_wconf 62' lang='lat' dir='ltr'><strong>multarunt</strong></span> 
     </span>
     <span class='ocr_line' id='line_1_45' title="bbox 146 4118 1385 4189; baseline 0.001 -16"><span class='ocrx_word' id='word_1_415' title='bbox 146 4118 210 4173; x_wconf 81' lang='lat' dir='ltr'><strong>dass</strong></span> <span class='ocrx_word' id='word_1_416' title='bbox 221 4119 379 4189; x_wconf 69' lang='lat' dir='ltr'><strong>pemandin</strong></span> <span class='ocrx_word' id='word_1_417' title='bbox 393 4119 709 4175; x_wconf 87' lang='lat' dir='ltr'><strong>freundlieherAbsicht</strong></span> <span class='ocrx_word' id='word_1_418' title='bbox 762 4119 832 4175; x_wconf 83' lang='lat' dir='ltr'><strong>Post</strong></span> <span class='ocrx_word' id='word_1_419' title='bbox 849 4119 888 4173; x_wconf 84' lang='lat' dir='ltr'><strong>nt</strong></span> <span class='ocrx_word' id='word_1_420' title='bbox 910 4118 982 4173; x_wconf 83' lang='lat' dir='ltr'><strong>anob</strong></span> <span class='ocrx_word' id='word_1_421' title='bbox 1004 4137 1035 4173; x_wconf 92' lang='grc' dir='ltr'><strong>ιιι</strong></span> <span class='ocrx_word' id='word_1_422' title='bbox 1058 4119 1109 4173; x_wconf 90' lang='lat' dir='ltr'><strong>der</strong></span> <span class='ocrx_word' id='word_1_423' title='bbox 1126 4119 1220 4174; x_wconf 87' lang='lat' dir='ltr'><strong>ersten</strong></span> <span class='ocrx_word' id='word_1_424' title='bbox 1240 4118 1330 4174; x_wconf 80' lang='lat' dir='ltr'><strong>Stella</strong></span> <span class='ocrx_word' id='word_1_425' title='bbox 1383 4150 1385 4154; x_wconf 19' lang='grc' dir='ltr'><em>Α</em></span> 
     </span>
     <span class='ocr_line' id='line_1_46' title="bbox 144 4188 885 4262; baseline 0.004 -20"><span class='ocrx_word' id='word_1_426' title='bbox 144 4188 262 4244; x_wconf 84' lang='lat' dir='ltr'><strong>kommt.</strong></span> <span class='ocrx_word' id='word_1_427' title='bbox 281 4189 334 4245; x_wconf 87' lang='lat' dir='ltr'><strong>Die</strong></span> <span class='ocrx_word' id='word_1_428' title='bbox 344 4191 389 4247; x_wconf 91' lang='lat' dir='ltr'><strong>W.</strong></span> <span class='ocrx_word' id='word_1_429' title='bbox 400 4192 432 4247; x_wconf 77' lang='lat' dir='ltr'><strong>A.</strong></span> <span class='ocrx_word' id='word_1_430' title='bbox 447 4192 499 4246; x_wconf 81' lang='lat' dir='ltr'><strong>but</strong></span> <span class='ocrx_word' id='word_1_431' title='bbox 516 4191 592 4246; x_wconf 82' lang='lat' dir='ltr'><strong>wohl</strong></span> <span class='ocrx_word' id='word_1_432' title='bbox 605 4190 709 4262; x_wconf 87' lang='lat' dir='ltr'><strong>richtig</strong></span> <span class='ocrx_word' id='word_1_433' title='bbox 764 4190 885 4245; x_wconf 81' lang='lat' dir='ltr'><strong>Adverb.</strong></span> 
     </span>
     <span class='ocr_line' id='line_1_47' title="bbox 145 4259 1331 4332; baseline 0.002 -18"><span class='ocrx_word' id='word_1_434' title='bbox 145 4262 311 4328; x_wconf 75' lang='lat' dir='ltr'><strong>pacatorum</strong></span> <span class='ocrx_word' id='word_1_435' title='bbox 324 4260 370 4315; x_wconf 78' lang='lat' dir='ltr'><strong>fdr</strong></span> <span class='ocrx_word' id='word_1_436' title='bbox 383 4265 524 4330; x_wconf 81' lang='lat' dir='ltr'><strong>pacatum.</strong></span> <span class='ocrx_word' id='word_1_437' title='bbox 536 4289 569 4302; x_wconf 78' lang='lat'>—</span> <span class='ocrx_word' id='word_1_438' title='bbox 583 4261 707 4332; x_wconf 89' lang='lat' dir='ltr'><strong>ipsum:</strong></span> <span class='ocrx_word' id='word_1_439' title='bbox 798 4260 865 4331; x_wconf 78' lang='lat' dir='ltr'><strong>Cap.</strong></span> <span class='ocrx_word' id='word_1_440' title='bbox 885 4265 927 4314; x_wconf 78' lang='lat'><strong>51.</strong></span> <span class='ocrx_word' id='word_1_441' title='bbox 949 4266 972 4314; x_wconf 91' lang='lat'><strong>1.</strong></span> <span class='ocrx_word' id='word_1_442' title='bbox 991 4259 1256 4315; x_wconf 82' lang='lat' dir='ltr'><strong>intolerantius:</strong></span> <span class='ocrx_word' id='word_1_443' title='bbox 1274 4259 1331 4316; x_wconf 88' lang='lat' dir='ltr'><strong>mit</strong></span> 
     </span>
     <span class='ocr_line' id='line_1_48' title="bbox 146 4330 1328 4402; baseline 0.002 -18"><span class='ocrx_word' id='word_1_444' title='bbox 146 4330 256 4398; x_wconf 83' lang='lat' dir='ltr'><strong>gerede.</strong></span> <span class='ocrx_word' id='word_1_445' title='bbox 281 4362 315 4371; x_wconf 99' lang='lat'>—</span> <span class='ocrx_word' id='word_1_446' title='bbox 343 4331 395 4385; x_wconf 88' lang='lat' dir='ltr'><strong>sui</strong></span> <span class='ocrx_word' id='word_1_447' title='bbox 418 4331 569 4387; x_wconf 82' lang='lat' dir='ltr'><strong>fallendi</strong></span> <span class='ocrx_word' id='word_1_448' title='bbox 594 4350 707 4389; x_wconf 78' lang='lat' dir='ltr'><strong>causa:</strong></span> <span class='ocrx_word' id='word_1_449' title='bbox 762 4330 1058 4402; x_wconf 82' lang='lat' dir='ltr'><strong>grosserHeftiglreit.</strong></span> <span class='ocrx_word' id='word_1_450' title='bbox 1082 4361 1116 4370; x_wconf 94' lang='lat'><em>-</em></span> <span class='ocrx_word' id='word_1_451' title='bbox 1141 4337 1166 4386; x_wconf 80' lang='lat'><strong>2.</strong></span> <span class='ocrx_word' id='word_1_452' title='bbox 1211 4347 1328 4390; x_wconf 79' lang='lat' dir='ltr'><strong>use,—</strong></span> 
     </span>
     <span class='ocr_line' id='line_1_49' title="bbox 144 4349 1327 4474; baseline 0.004 -21"><span class='ocrx_word' id='word_1_453' title='bbox 144 4399 189 4453; x_wconf 82' lang='lat' dir='ltr'><strong>fiir</strong></span> <span class='ocrx_word' id='word_1_454' title='bbox 213 4401 318 4457; x_wconf 83' lang='lat' dir='ltr'><strong>welche</strong></span> <span class='ocrx_word' id='word_1_455' title='bbox 337 4401 426 4472; x_wconf 85' lang='lat' dir='ltr'><strong>Regel</strong></span> <span class='ocrx_word' id='word_1_456' title='bbox 448 4403 494 4457; x_wconf 88' lang='lat' dir='ltr'><strong>eiu</strong></span> <span class='ocrx_word' id='word_1_457' title='bbox 512 4403 654 4473; x_wconf 82' lang='lat' dir='ltr'><strong>Beispiel?</strong></span> <span class='ocrx_word' id='word_1_458' title='bbox 674 4435 707 4444; x_wconf 90' lang='lat'>—</span> <span class='ocrx_word' id='word_1_459' title='bbox 762 4401 987 4472; x_wconf 87' lang='lat' dir='ltr'><strong>superiorem:</strong></span> <span class='ocrx_word' id='word_1_460' title='bbox 1005 4401 1085 4474; x_wconf 45' lang='lat' dir='ltr'><strong>,iiber</strong></span> <span class='ocrx_word' id='word_1_461' title='bbox 1112 4400 1160 4458; x_wconf 81' lang='lat' dir='ltr'><strong>die</strong></span> <span class='ocrx_word' id='word_1_462' title='bbox 1187 4349 1279 4457; x_wconf 61' lang='lat' dir='ltr'><strong>buche</strong></span> <span class='ocrx_word' id='word_1_463' title='bbox 1305 4421 1327 4458; x_wconf 87' lang='lat' dir='ltr'><strong>s.</strong></span> 
     </span>
    </p>
   </div>
   <div class='ocr_carea' id='block_1_5' title="bbox 0 0 1406 4778">
    <p class='ocr_par' dir='ltr' id='par_1_9' title="bbox 0 0 1406 4778">
     <span class='ocr_line' id='line_1_50' title="bbox 0 0 1406 4778; baseline 0 2"><span class='ocrx_word' id='word_1_464' title='bbox 0 0 1406 4778; x_wconf 95' lang='lat' dir='ltr'><strong> </strong></span> 
     </span>
    </p>
   </div>
  </div>
 </body>
</html>
