<?xml version="1.0" encoding="UTF-8"?>
<!DOCTYPE html PUBLIC "-//W3C//DTD XHTML 1.0 Transitional//EN"
    "http://www.w3.org/TR/xhtml1/DTD/xhtml1-transitional.dtd">
<html xmlns="http://www.w3.org/1999/xhtml" xml:lang="en" lang="en">
 <head>
  <title>
</title>
<meta http-equiv="Content-Type" content="text/html;charset=utf-8" />
  <meta name='ocr-system' content='tesseract 3.04.00' />
  <meta name='ocr-capabilities' content='ocr_page ocr_carea ocr_par ocr_line ocrx_word'/>
</head>
<body>
  <div class='ocr_page' id='page_1' title='image "./ciuliicaesarisc00dobegoog_0064.png"; bbox 0 0 2804 4778; ppageno 0'>
   <div class='ocr_carea' id='block_1_1' title="bbox 156 202 922 269">
    <p class='ocr_par' dir='ltr' id='par_1_1' title="bbox 156 202 922 269">
     <span class='ocr_line' id='line_1_1' title="bbox 156 202 922 269; baseline 0.001 -11"><span class='ocrx_word' id='word_1_1' title='bbox 156 206 201 269; x_wconf 77' lang='lat'><strong>42</strong></span> <span class='ocrx_word' id='word_1_2' title='bbox 562 204 611 258; x_wconf 80' lang='lat' dir='ltr'><strong>DE</strong></span> <span class='ocrx_word' id='word_1_3' title='bbox 629 202 746 259; x_wconf 83' lang='lat' dir='ltr'>BELLO</span> <span class='ocrx_word' id='word_1_4' title='bbox 765 203 922 259; x_wconf 76' lang='lat' dir='ltr'><strong>Gannico</strong></span> 
     </span>
    </p>
   </div>
   <div class='ocr_carea' id='block_1_2' title="bbox 119 371 1333 1953">
    <p class='ocr_par' dir='ltr' id='par_1_2' title="bbox 119 371 1333 1953">
     <span class='ocr_line' id='line_1_2' title="bbox 156 371 1333 451; baseline 0.002 -20"><span class='ocrx_word' id='word_1_5' title='bbox 156 391 279 433; x_wconf 89' lang='lat' dir='ltr'><strong>munera</strong></span> <span class='ocrx_word' id='word_1_6' title='bbox 294 371 471 451; x_wconf 85' lang='lat' dir='ltr'><strong>amplissime</strong></span> <span class='ocrx_word' id='word_1_7' title='bbox 481 373 584 446; x_wconf 70' lang='lat' dir='ltr'><strong>missa,</strong></span> <span class='ocrx_word' id='word_1_8' title='bbox 599 388 687 448; x_wconf 90' lang='lat' dir='ltr'><strong>quam</strong></span> <span class='ocrx_word' id='word_1_9' title='bbox 702 388 766 430; x_wconf 88' lang='lat' dir='ltr'><strong>rem</strong></span> <span class='ocrx_word' id='word_1_10' title='bbox 781 379 810 430; x_wconf 93' lang='lat' dir='ltr'><strong>et</strong></span> <span class='ocrx_word' id='word_1_11' title='bbox 824 372 926 449; x_wconf 77' lang='lat' dir='ltr'>paucis</span> <span class='ocrx_word' id='word_1_12' title='bbox 937 371 1096 450; x_wconf 80' lang='lat' dir='ltr'><strong>contigisse</strong></span> <span class='ocrx_word' id='word_1_13' title='bbox 1107 381 1138 432; x_wconf 91' lang='lat' dir='ltr'><strong>et</strong></span> <span class='ocrx_word' id='word_1_14' title='bbox 1150 389 1205 450; x_wconf 92' lang='lat' dir='ltr'><strong>pro</strong></span> <span class='ocrx_word' id='word_1_15' title='bbox 1216 374 1333 451; x_wconf 81' lang='lat' dir='ltr'><strong>magnis</strong></span> 
     </span>
     <span class='ocr_line' id='line_1_3' title="bbox 120 458 1333 539; baseline 0 -18"><span class='ocrx_word' id='word_1_16' title='bbox 120 472 136 521; x_wconf 77' lang='grc' dir='ltr'>ὁ</span> <span class='ocrx_word' id='word_1_17' title='bbox 156 461 308 522; x_wconf 90' lang='lat' dir='ltr'><strong>hominum</strong></span> <span class='ocrx_word' id='word_1_18' title='bbox 328 461 433 520; x_wconf 88' lang='lat' dir='ltr'><strong>olliciis</strong></span> <span class='ocrx_word' id='word_1_19' title='bbox 449 477 610 520; x_wconf 76' lang='lat' dir='ltr'><strong>consuesse</strong></span> <span class='ocrx_word' id='word_1_20' title='bbox 629 459 722 519; x_wconf 88' lang='lat' dir='ltr'><strong>tribui</strong></span> <span class='ocrx_word' id='word_1_21' title='bbox 741 458 877 539; x_wconf 71' lang='lat' dir='ltr'><strong>docebat,</strong></span> <span class='ocrx_word' id='word_1_22' title='bbox 901 458 993 539; x_wconf 88' lang='lat' dir='ltr'><strong>illum,</strong></span> <span class='ocrx_word' id='word_1_23' title='bbox 1013 477 1080 519; x_wconf 92' lang='lat' dir='ltr'><strong>cum</strong></span> <span class='ocrx_word' id='word_1_24' title='bbox 1099 477 1198 538; x_wconf 86' lang='lat' dir='ltr'><strong>neque</strong></span> <span class='ocrx_word' id='word_1_25' title='bbox 1217 461 1333 523; x_wconf 89' lang='lat' dir='ltr'><strong>aditum</strong></span> 
     </span>
     <span class='ocr_line' id='line_1_4' title="bbox 156 545 1333 628; baseline 0 -19"><span class='ocrx_word' id='word_1_26' title='bbox 156 568 253 628; x_wconf 88' lang='lat' dir='ltr'><strong>neque</strong></span> <span class='ocrx_word' id='word_1_27' title='bbox 274 566 392 609; x_wconf 90' lang='lat' dir='ltr'><strong>causam</strong></span> <span class='ocrx_word' id='word_1_28' title='bbox 410 547 579 627; x_wconf 91' lang='lat' dir='ltr'><strong>postulandi</strong></span> <span class='ocrx_word' id='word_1_29' title='bbox 598 549 705 608; x_wconf 91' lang='lat' dir='ltr'><strong>iustam</strong></span> <span class='ocrx_word' id='word_1_30' title='bbox 723 546 857 628; x_wconf 88' lang='lat' dir='ltr'><strong>haberet,</strong></span> <span class='ocrx_word' id='word_1_31' title='bbox 874 546 1019 607; x_wconf 87' lang='lat' dir='ltr'><strong>beneficio</strong></span> <span class='ocrx_word' id='word_1_32' title='bbox 1034 566 1068 607; x_wconf 93' lang='lat' dir='ltr'><strong>ac</strong></span> <span class='ocrx_word' id='word_1_33' title='bbox 1086 545 1262 610; x_wconf 88' lang='lat' dir='ltr'><strong>liberalitate</strong></span> <span class='ocrx_word' id='word_1_34' title='bbox 1277 566 1333 611; x_wconf 89' lang='lat' dir='ltr'><strong>sua</strong></span> 
     </span>
     <span class='ocr_line' id='line_1_5' title="bbox 120 633 1332 715; baseline 0 -18"><span class='ocrx_word' id='word_1_35' title='bbox 120 649 136 698; x_wconf 84' lang='grc'><strong>6</strong></span> <span class='ocrx_word' id='word_1_36' title='bbox 156 657 189 698; x_wconf 94' lang='lat' dir='ltr'><strong>ac</strong></span> <span class='ocrx_word' id='word_1_37' title='bbox 213 645 333 697; x_wconf 90' lang='lat' dir='ltr'><strong>senatus</strong></span> <span class='ocrx_word' id='word_1_38' title='bbox 357 655 392 697; x_wconf 89' lang='lat' dir='ltr'><strong>ea</strong></span> <span class='ocrx_word' id='word_1_39' title='bbox 414 639 544 715; x_wconf 91' lang='lat' dir='ltr'><strong>praemia</strong></span> <span class='ocrx_word' id='word_1_40' title='bbox 568 643 771 696; x_wconf 91' lang='lat' dir='ltr'><strong>consecutum.</strong></span> <span class='ocrx_word' id='word_1_41' title='bbox 816 633 947 696; x_wconf 79' lang='lat' dir='ltr'><strong>Docebat</strong></span> <span class='ocrx_word' id='word_1_42' title='bbox 977 637 1078 715; x_wconf 88' lang='lat' dir='ltr'><strong>etiam,</strong></span> <span class='ocrx_word' id='word_1_43' title='bbox 1102 654 1192 714; x_wconf 83' lang='lat' dir='ltr'><strong>quam</strong></span> <span class='ocrx_word' id='word_1_44' title='bbox 1213 645 1332 699; x_wconf 85' lang='lat' dir='ltr'><strong>veteres</strong></span> 
     </span>
     <span class='ocr_line' id='line_1_6' title="bbox 155 723 1332 805; baseline 0.001 -19"><span class='ocrx_word' id='word_1_45' title='bbox 155 743 302 805; x_wconf 88' lang='lat' dir='ltr'><strong>quamque</strong></span> <span class='ocrx_word' id='word_1_46' title='bbox 326 727 421 786; x_wconf 88' lang='lat' dir='ltr'><strong>iustae</strong></span> <span class='ocrx_word' id='word_1_47' title='bbox 446 742 551 785; x_wconf 91' lang='lat' dir='ltr'><strong>causae</strong></span> <span class='ocrx_word' id='word_1_48' title='bbox 575 723 804 785; x_wconf 83' lang='lat' dir='ltr'><strong>necessitudinis</strong></span> <span class='ocrx_word' id='word_1_49' title='bbox 831 726 904 803; x_wconf 92' lang='lat' dir='ltr'><strong>ipsis</strong></span> <span class='ocrx_word' id='word_1_50' title='bbox 933 742 1001 784; x_wconf 93' lang='lat' dir='ltr'><strong>cum</strong></span> <span class='ocrx_word' id='word_1_51' title='bbox 1024 724 1134 784; x_wconf 82' lang='lat' dir='ltr'><strong>Aeduis</strong></span> <span class='ocrx_word' id='word_1_52' title='bbox 1164 725 1332 787; x_wconf 87' lang='lat' dir='ltr'><strong>intercede·</strong></span> 
     </span>
     <span class='ocr_line' id='line_1_7' title="bbox 121 811 1332 894; baseline 0.002 -20"><span class='ocrx_word' id='word_1_53' title='bbox 121 826 136 874; x_wconf 78' lang='lat'><strong>7</strong></span> <span class='ocrx_word' id='word_1_54' title='bbox 155 822 231 894; x_wconf 92' lang='lat' dir='ltr'><strong>rent,</strong></span> <span class='ocrx_word' id='word_1_55' title='bbox 255 832 330 892; x_wconf 88' lang='lat' dir='ltr'><strong>quae</strong></span> <span class='ocrx_word' id='word_1_56' title='bbox 350 814 607 874; x_wconf 90' lang='lat' dir='ltr'><strong>senatusconsulta</strong></span> <span class='ocrx_word' id='word_1_57' title='bbox 626 815 764 891; x_wconf 89' lang='lat' dir='ltr'><strong>quotiens</strong></span> <span class='ocrx_word' id='word_1_58' title='bbox 784 830 932 890; x_wconf 90' lang='lat' dir='ltr'><strong>quamque</strong></span> <span class='ocrx_word' id='word_1_59' title='bbox 950 811 1113 873; x_wconf 87' lang='lat' dir='ltr'><strong>honorifica</strong></span> <span class='ocrx_word' id='word_1_60' title='bbox 1131 815 1163 873; x_wconf 94' lang='lat' dir='ltr'><strong>in</strong></span> <span class='ocrx_word' id='word_1_61' title='bbox 1181 831 1233 874; x_wconf 90' lang='lat' dir='ltr'><strong>eos</strong></span> <span class='ocrx_word' id='word_1_62' title='bbox 1253 815 1332 876; x_wconf 85' lang='lat' dir='ltr'><strong>lacta</strong></span> 
     </span>
     <span class='ocr_line' id='line_1_8' title="bbox 156 899 1331 983; baseline 0.001 -21"><span class='ocrx_word' id='word_1_63' title='bbox 156 911 265 983; x_wconf 88' lang='lat' dir='ltr'><strong>essent,</strong></span> <span class='ocrx_word' id='word_1_64' title='bbox 289 910 323 962; x_wconf 92' lang='lat' dir='ltr'><strong>ut</strong></span> <span class='ocrx_word' id='word_1_65' title='bbox 346 903 426 961; x_wconf 92' lang='lat' dir='ltr'><strong>omni</strong></span> <span class='ocrx_word' id='word_1_66' title='bbox 455 908 588 980; x_wconf 91' lang='lat' dir='ltr'><strong>tempore</strong></span> <span class='ocrx_word' id='word_1_67' title='bbox 617 902 709 961; x_wconf 94' lang='lat' dir='ltr'><strong>totius</strong></span> <span class='ocrx_word' id='word_1_68' title='bbox 733 899 841 961; x_wconf 88' lang='lat' dir='ltr'><strong>Galliae</strong></span> <span class='ocrx_word' id='word_1_69' title='bbox 870 902 1070 979; x_wconf 83' lang='lat' dir='ltr'><strong>principatum</strong></span> <span class='ocrx_word' id='word_1_70' title='bbox 1092 901 1187 962; x_wconf 76' lang='lat' dir='ltr'><strong>hedui</strong></span> <span class='ocrx_word' id='word_1_71' title='bbox 1217 904 1331 963; x_wconf 88' lang='lat' dir='ltr'><strong>tenuis-</strong></span> 
     </span>
     <span class='ocr_line' id='line_1_9' title="bbox 119 989 1332 1071; baseline 0.001 -19"><span class='ocrx_word' id='word_1_72' title='bbox 119 999 236 1071; x_wconf 84' lang='lat' dir='ltr'><strong>8sent,</strong></span> <span class='ocrx_word' id='word_1_73' title='bbox 268 992 352 1069; x_wconf 88' lang='lat' dir='ltr'><strong>prius</strong></span> <span class='ocrx_word' id='word_1_74' title='bbox 384 992 487 1062; x_wconf 88' lang='lat' dir='ltr'><strong>etiam,</strong></span> <span class='ocrx_word' id='word_1_75' title='bbox 501 1059 505 1067; x_wconf 26' lang='grc' dir='ltr'>Ι</span> <span class='ocrx_word' id='word_1_76' title='bbox 518 1008 606 1067; x_wconf 88' lang='lat' dir='ltr'><strong>quam</strong></span> <span class='ocrx_word' id='word_1_77' title='bbox 639 998 771 1050; x_wconf 89' lang='lat' dir='ltr'><strong>nostram</strong></span> <span class='ocrx_word' id='word_1_78' title='bbox 799 990 956 1049; x_wconf 91' lang='lat' dir='ltr'><strong>amicitiam</strong></span> <span class='ocrx_word' id='word_1_79' title='bbox 987 991 1177 1068; x_wconf 89' lang='lat' dir='ltr'><strong>appetissent.</strong></span> <span class='ocrx_word' id='word_1_80' title='bbox 1223 989 1332 1070; x_wconf 90' lang='lat' dir='ltr'><strong>Populi</strong></span> 
     </span>
     <span class='ocr_line' id='line_1_10' title="bbox 154 1078 1331 1158; baseline 0.001 -20"><span class='ocrx_word' id='word_1_81' title='bbox 154 1079 279 1140; x_wconf 88' lang='lat' dir='ltr'><strong>Romani</strong></span> <span class='ocrx_word' id='word_1_82' title='bbox 312 1078 388 1138; x_wconf 92' lang='lat' dir='ltr'><strong>hanc</strong></span> <span class='ocrx_word' id='word_1_83' title='bbox 418 1096 484 1138; x_wconf 89' lang='lat' dir='ltr'><strong>esse</strong></span> <span class='ocrx_word' id='word_1_84' title='bbox 517 1078 777 1158; x_wconf 91' lang='lat' dir='ltr'><strong>consuetudinem,</strong></span> <span class='ocrx_word' id='word_1_85' title='bbox 810 1086 844 1138; x_wconf 92' lang='lat' dir='ltr'><strong>ut</strong></span> <span class='ocrx_word' id='word_1_86' title='bbox 875 1080 972 1137; x_wconf 91' lang='lat' dir='ltr'><strong>socios</strong></span> <span class='ocrx_word' id='word_1_87' title='bbox 1005 1085 1094 1156; x_wconf 89' lang='lat' dir='ltr'><strong>atque</strong></span> <span class='ocrx_word' id='word_1_88' title='bbox 1126 1079 1236 1139; x_wconf 88' lang='lat' dir='ltr'><strong>amicos</strong></span> <span class='ocrx_word' id='word_1_89' title='bbox 1269 1097 1331 1139; x_wconf 91' lang='lat' dir='ltr'><strong>non</strong></span> 
     </span>
     <span class='ocr_line' id='line_1_11' title="bbox 155 1164 1331 1246; baseline 0.001 -20"><span class='ocrx_word' id='word_1_90' title='bbox 155 1168 242 1227; x_wconf 90' lang='lat' dir='ltr'><strong>modo</strong></span> <span class='ocrx_word' id='word_1_91' title='bbox 267 1168 314 1226; x_wconf 93' lang='lat' dir='ltr'><strong>sui</strong></span> <span class='ocrx_word' id='word_1_92' title='bbox 337 1165 409 1225; x_wconf 89' lang='lat' dir='ltr'><strong>nihil</strong></span> <span class='ocrx_word' id='word_1_93' title='bbox 437 1165 615 1246; x_wconf 88' lang='lat' dir='ltr'><strong>deperdere,</strong></span> <span class='ocrx_word' id='word_1_94' title='bbox 643 1165 695 1225; x_wconf 90' lang='lat' dir='ltr'><strong>sed</strong></span> <span class='ocrx_word' id='word_1_95' title='bbox 722 1167 829 1245; x_wconf 84' lang='lat' dir='ltr'><strong>gratia,</strong></span> <span class='ocrx_word' id='word_1_96' title='bbox 856 1164 1012 1246; x_wconf 87' lang='lat' dir='ltr'><strong>dignitate,</strong></span> <span class='ocrx_word' id='word_1_97' title='bbox 1039 1164 1153 1227; x_wconf 89' lang='lat' dir='ltr'><strong>honore</strong></span> <span class='ocrx_word' id='word_1_98' title='bbox 1181 1168 1331 1228; x_wconf 88' lang='lat' dir='ltr'><strong>auctiores</strong></span> 
     </span>
     <span class='ocr_line' id='line_1_12' title="bbox 154 1253 1331 1334; baseline 0.002 -21"><span class='ocrx_word' id='word_1_99' title='bbox 154 1255 225 1315; x_wconf 91' lang='lat' dir='ltr'><strong>velit</strong></span> <span class='ocrx_word' id='word_1_100' title='bbox 248 1272 327 1314; x_wconf 91' lang='lat' dir='ltr'><strong>esse:</strong></span> <span class='ocrx_word' id='word_1_101' title='bbox 355 1254 434 1332; x_wconf 90' lang='lat' dir='ltr'><strong>quod</strong></span> <span class='ocrx_word' id='word_1_102' title='bbox 462 1272 533 1314; x_wconf 90' lang='lat' dir='ltr'><strong>vero</strong></span> <span class='ocrx_word' id='word_1_103' title='bbox 557 1254 593 1314; x_wconf 94' lang='lat' dir='ltr'><strong>ad</strong></span> <span class='ocrx_word' id='word_1_104' title='bbox 622 1256 780 1314; x_wconf 87' lang='lat' dir='ltr'><strong>amicitiam</strong></span> <span class='ocrx_word' id='word_1_105' title='bbox 807 1253 910 1333; x_wconf 92' lang='lat' dir='ltr'><strong>populi</strong></span> <span class='ocrx_word' id='word_1_106' title='bbox 937 1253 1062 1315; x_wconf 88' lang='lat' dir='ltr'><strong>Romani</strong></span> <span class='ocrx_word' id='word_1_107' title='bbox 1089 1253 1271 1334; x_wconf 87' lang='lat' dir='ltr'><strong>attulissent,</strong></span> <span class='ocrx_word' id='word_1_108' title='bbox 1300 1255 1331 1315; x_wconf 96' lang='lat' dir='ltr'><strong>id</strong></span> 
     </span>
     <span class='ocr_line' id='line_1_13' title="bbox 119 1339 1331 1423; baseline 0.002 -21"><span class='ocrx_word' id='word_1_109' title='bbox 119 1345 191 1403; x_wconf 78' lang='lat' dir='ltr'><strong>niis</strong></span> <span class='ocrx_word' id='word_1_110' title='bbox 216 1344 291 1421; x_wconf 92' lang='lat' dir='ltr'><strong>eripi</strong></span> <span class='ocrx_word' id='word_1_111' title='bbox 315 1345 381 1420; x_wconf 89' lang='lat' dir='ltr'><strong>quis</strong></span> <span class='ocrx_word' id='word_1_112' title='bbox 404 1345 466 1422; x_wconf 93' lang='lat' dir='ltr'><strong>pati</strong></span> <span class='ocrx_word' id='word_1_113' title='bbox 488 1339 611 1422; x_wconf 78' lang='lat' dir='ltr'><strong>posset?</strong></span> <span class='ocrx_word' id='word_1_114' title='bbox 651 1342 815 1403; x_wconf 89' lang='lat' dir='ltr'><strong>Postulavit</strong></span> <span class='ocrx_word' id='word_1_115' title='bbox 841 1340 948 1402; x_wconf 90' lang='lat' dir='ltr'><strong>deinde</strong></span> <span class='ocrx_word' id='word_1_116' title='bbox 977 1341 1092 1423; x_wconf 92' lang='lat' dir='ltr'><strong>eadem,</strong></span> <span class='ocrx_word' id='word_1_117' title='bbox 1120 1360 1196 1421; x_wconf 92' lang='lat' dir='ltr'><strong>quae</strong></span> <span class='ocrx_word' id='word_1_118' title='bbox 1225 1342 1331 1421; x_wconf 84' lang='lat' dir='ltr'><strong>legatis</strong></span> 
     </span>
     <span class='ocr_line' id='line_1_14' title="bbox 155 1428 1331 1504; baseline 0.003 -14"><span class='ocrx_word' id='word_1_119' title='bbox 155 1433 187 1491; x_wconf 94' lang='lat' dir='ltr'><strong>in</strong></span> <span class='ocrx_word' id='word_1_120' title='bbox 210 1430 354 1491; x_wconf 88' lang='lat' dir='ltr'><strong>mandatis</strong></span> <span class='ocrx_word' id='word_1_121' title='bbox 383 1431 517 1504; x_wconf 79' lang='lat' dir='ltr'><strong>dederat,</strong></span> <span class='ocrx_word' id='word_1_122' title='bbox 545 1448 582 1491; x_wconf 91' lang='lat' dir='ltr'><strong>ne</strong></span> <span class='ocrx_word' id='word_1_123' title='bbox 611 1438 662 1491; x_wconf 88' lang='lat' dir='ltr'><strong>aut</strong></span> <span class='ocrx_word' id='word_1_124' title='bbox 690 1430 799 1491; x_wconf 81' lang='lat' dir='ltr'><strong>Aeduis</strong></span> <span class='ocrx_word' id='word_1_125' title='bbox 828 1438 879 1490; x_wconf 90' lang='lat' dir='ltr'><strong>aut</strong></span> <span class='ocrx_word' id='word_1_126' title='bbox 907 1447 1011 1490; x_wconf 92' lang='lat' dir='ltr'><strong>eorum</strong></span> <span class='ocrx_word' id='word_1_127' title='bbox 1039 1431 1128 1490; x_wconf 91' lang='lat' dir='ltr'><strong>sociis</strong></span> <span class='ocrx_word' id='word_1_128' title='bbox 1151 1428 1263 1491; x_wconf 86' lang='lat' dir='ltr'><strong>bellum</strong></span> <span class='ocrx_word' id='word_1_129' title='bbox 1285 1433 1331 1493; x_wconf 90' lang='lat' dir='ltr'><strong>in·</strong></span> 
     </span>
     <span class='ocr_line' id='line_1_15' title="bbox 155 1516 1330 1599; baseline 0.002 -20"><span class='ocrx_word' id='word_1_130' title='bbox 155 1521 261 1598; x_wconf 81' lang='lat' dir='ltr'><strong>lerret3</strong></span> <span class='ocrx_word' id='word_1_131' title='bbox 294 1518 413 1579; x_wconf 88' lang='lat' dir='ltr'><strong>obsides</strong></span> <span class='ocrx_word' id='word_1_132' title='bbox 445 1519 596 1599; x_wconf 76' lang='lat' dir='ltr'><strong>redderet,</strong></span> <span class='ocrx_word' id='word_1_133' title='bbox 627 1521 653 1579; x_wconf 92' lang='lat' dir='ltr'><strong>si</strong></span> <span class='ocrx_word' id='word_1_134' title='bbox 680 1518 790 1578; x_wconf 84' lang='lat' dir='ltr'><strong>millam</strong></span> <span class='ocrx_word' id='word_1_135' title='bbox 820 1526 936 1596; x_wconf 90' lang='lat' dir='ltr'><strong>partem</strong></span> <span class='ocrx_word' id='word_1_136' title='bbox 965 1516 1182 1579; x_wconf 86' lang='lat' dir='ltr'><strong>Germanorum</strong></span> <span class='ocrx_word' id='word_1_137' title='bbox 1208 1519 1330 1581; x_wconf 91' lang='lat' dir='ltr'><strong>domum</strong></span> 
     </span>
     <span class='ocr_line' id='line_1_16' title="bbox 156 1605 1302 1688; baseline 0.002 -21"><span class='ocrx_word' id='word_1_138' title='bbox 156 1609 308 1667; x_wconf 91' lang='lat' dir='ltr'><strong>remittere</strong></span> <span class='ocrx_word' id='word_1_139' title='bbox 331 1615 442 1688; x_wconf 88' lang='lat' dir='ltr'><strong>posset,</strong></span> <span class='ocrx_word' id='word_1_140' title='bbox 466 1615 556 1667; x_wconf 90' lang='lat' dir='ltr'><strong>atne</strong></span> <span class='ocrx_word' id='word_1_141' title='bbox 580 1625 655 1685; x_wconf 91' lang='lat' dir='ltr'><strong>quos</strong></span> <span class='ocrx_word' id='word_1_142' title='bbox 679 1606 804 1685; x_wconf 92' lang='lat' dir='ltr'><strong>amplius</strong></span> <span class='ocrx_word' id='word_1_143' title='bbox 828 1605 965 1666; x_wconf 84' lang='lat' dir='ltr'><strong>Rhenum</strong></span> <span class='ocrx_word' id='word_1_144' title='bbox 989 1608 1115 1667; x_wconf 90' lang='lat' dir='ltr'><strong>transire</strong></span> <span class='ocrx_word' id='word_1_145' title='bbox 1138 1614 1302 1685; x_wconf 87' lang='lat' dir='ltr'><strong>pateretur.</strong></span> 
     </span>
     <span class='ocr_line' id='line_1_17' title="bbox 243 1693 1330 1774; baseline 0.002 -18"><span class='ocrx_word' id='word_1_146' title='bbox 243 1693 296 1756; x_wconf 79' lang='lat'><strong>44.</strong></span> <span class='ocrx_word' id='word_1_147' title='bbox 319 1695 485 1756; x_wconf 76' lang='lat' dir='ltr'><strong>Ariovistus</strong></span> <span class='ocrx_word' id='word_1_148' title='bbox 508 1695 544 1755; x_wconf 91' lang='lat' dir='ltr'><strong>ad</strong></span> <span class='ocrx_word' id='word_1_149' title='bbox 567 1694 714 1774; x_wconf 90' lang='lat' dir='ltr'><strong>postulata</strong></span> <span class='ocrx_word' id='word_1_150' title='bbox 738 1694 872 1756; x_wconf 81' lang='lat' dir='ltr'><strong>Caesaris</strong></span> <span class='ocrx_word' id='word_1_151' title='bbox 899 1712 993 1772; x_wconf 92' lang='lat' dir='ltr'><strong>pauca</strong></span> <span class='ocrx_word' id='word_1_152' title='bbox 1016 1694 1183 1774; x_wconf 84' lang='lat' dir='ltr'><strong>respondit,</strong></span> <span class='ocrx_word' id='word_1_153' title='bbox 1206 1694 1243 1756; x_wconf 92' lang='lat' dir='ltr'><strong>de</strong></span> <span class='ocrx_word' id='word_1_154' title='bbox 1267 1698 1330 1758; x_wconf 88' lang='lat' dir='ltr'><strong>suis</strong></span> 
     </span>
     <span class='ocr_line' id='line_1_18' title="bbox 119 1782 1330 1863; baseline 0.002 -20"><span class='ocrx_word' id='word_1_155' title='bbox 119 1796 135 1844; x_wconf 77' lang='lat' dir='ltr'><strong>a</strong></span> <span class='ocrx_word' id='word_1_156' title='bbox 155 1783 315 1844; x_wconf 86' lang='lat' dir='ltr'><strong>virtutihus</strong></span> <span class='ocrx_word' id='word_1_157' title='bbox 335 1784 426 1845; x_wconf 89' lang='lat' dir='ltr'><strong>multa</strong></span> <span class='ocrx_word' id='word_1_158' title='bbox 444 1784 637 1862; x_wconf 89' lang='lat' dir='ltr'><strong>praedicavit:</strong></span> <span class='ocrx_word' id='word_1_159' title='bbox 658 1783 812 1843; x_wconf 87' lang='lat' dir='ltr'><strong>Transisse</strong></span> <span class='ocrx_word' id='word_1_160' title='bbox 830 1782 969 1843; x_wconf 87' lang='lat' dir='ltr'><strong>Rhenum</strong></span> <span class='ocrx_word' id='word_1_161' title='bbox 987 1800 1053 1843; x_wconf 89' lang='lat' dir='ltr'><strong>sese</strong></span> <span class='ocrx_word' id='word_1_162' title='bbox 1073 1801 1132 1843; x_wconf 91' lang='lat' dir='ltr'><strong>non</strong></span> <span class='ocrx_word' id='word_1_163' title='bbox 1147 1801 1201 1844; x_wconf 92' lang='lat' dir='ltr'><strong>sua</strong></span> <span class='ocrx_word' id='word_1_164' title='bbox 1215 1793 1330 1863; x_wconf 89' lang='lat' dir='ltr'><strong>sponte,</strong></span> 
     </span>
     <span class='ocr_line' id='line_1_19' title="bbox 155 1870 1330 1953; baseline 0.003 -22"><span class='ocrx_word' id='word_1_165' title='bbox 155 1871 208 1931; x_wconf 91' lang='lat' dir='ltr'><strong>sed</strong></span> <span class='ocrx_word' id='word_1_166' title='bbox 231 1880 367 1951; x_wconf 85' lang='lat' dir='ltr'><strong>rogatum</strong></span> <span class='ocrx_word' id='word_1_167' title='bbox 391 1881 421 1933; x_wconf 92' lang='lat' dir='ltr'><strong>et</strong></span> <span class='ocrx_word' id='word_1_168' title='bbox 449 1874 623 1932; x_wconf 90' lang='lat' dir='ltr'><strong>arcessitum</strong></span> <span class='ocrx_word' id='word_1_169' title='bbox 648 1890 664 1932; x_wconf 92' lang='lat' dir='ltr'><strong>a</strong></span> <span class='ocrx_word' id='word_1_170' title='bbox 688 1870 790 1953; x_wconf 77' lang='lat' dir='ltr'><strong>Gallis3</strong></span> <span class='ocrx_word' id='word_1_171' title='bbox 821 1890 881 1932; x_wconf 92' lang='lat' dir='ltr'><strong>non</strong></span> <span class='ocrx_word' id='word_1_172' title='bbox 909 1873 974 1931; x_wconf 91' lang='lat' dir='ltr'><strong>sine</strong></span> <span class='ocrx_word' id='word_1_173' title='bbox 998 1889 1103 1950; x_wconf 79' lang='lat' dir='ltr'><strong>magna</strong></span> <span class='ocrx_word' id='word_1_174' title='bbox 1126 1888 1179 1950; x_wconf 91' lang='lat' dir='ltr'><strong>spe</strong></span> <span class='ocrx_word' id='word_1_175' title='bbox 1202 1875 1330 1951; x_wconf 83' lang='lat' dir='ltr'><strong>magnis·</strong></span> 
     </span>
    </p>
   </div>
   <div class='ocr_carea' id='block_1_3' title="bbox 81 2093 1395 4437">
    <p class='ocr_par' dir='ltr' id='par_1_3' title="bbox 81 2093 1395 4437">
     <span class='ocr_line' id='line_1_20' title="bbox 153 2093 1328 2165; baseline 0 -16"><span class='ocrx_word' id='word_1_176' title='bbox 153 2112 304 2150; x_wconf 82' lang='lat' dir='ltr'><strong>munera:</strong></span> <span class='ocrx_word' id='word_1_177' title='bbox 324 2095 387 2150; x_wconf 89' lang='lat' dir='ltr'><strong>eine</strong></span> <span class='ocrx_word' id='word_1_178' title='bbox 401 2095 520 2165; x_wconf 84' lang='lat' dir='ltr'><strong>goldene</strong></span> <span class='ocrx_word' id='word_1_179' title='bbox 535 2094 635 2164; x_wconf 86' lang='lat' dir='ltr'><strong>Krone,</strong></span> <span class='ocrx_word' id='word_1_180' title='bbox 655 2095 713 2164; x_wconf 83' lang='lat' dir='ltr'><strong>gol·</strong></span> <span class='ocrx_word' id='word_1_181' title='bbox 768 2113 801 2148; x_wconf 84' lang='lat' dir='ltr'><strong>zu</strong></span> <span class='ocrx_word' id='word_1_182' title='bbox 820 2093 986 2149; x_wconf 82' lang='lat' dir='ltr'><strong>civitati-</strong></span> <span class='ocrx_word' id='word_1_183' title='bbox 1006 2111 1071 2148; x_wconf 90' lang='lat' dir='ltr'><strong>non</strong></span> <span class='ocrx_word' id='word_1_184' title='bbox 1089 2093 1235 2149; x_wconf 88' lang='lat' dir='ltr'><strong>modo-</strong></span> <span class='ocrx_word' id='word_1_185' title='bbox 1255 2095 1328 2150; x_wconf 87' lang='lat' dir='ltr'><strong>sed:</strong></span> 
     </span>
     <span class='ocr_line' id='line_1_21' title="bbox 154 2165 1330 2235; baseline 0.001 -15"><span class='ocrx_word' id='word_1_186' title='bbox 154 2167 223 2221; x_wconf 90' lang='lat' dir='ltr'><strong>dene</strong></span> <span class='ocrx_word' id='word_1_187' title='bbox 239 2166 352 2234; x_wconf 82' lang='lat' dir='ltr'><strong>Schele,</strong></span> <span class='ocrx_word' id='word_1_188' title='bbox 368 2165 588 2221; x_wconf 86' lang='lat' dir='ltr'><strong>elfenheinerner</strong></span> <span class='ocrx_word' id='word_1_189' title='bbox 602 2165 671 2221; x_wconf 77' lang='lat' dir='ltr'><strong>stab</strong></span> <span class='ocrx_word' id='word_1_190' title='bbox 685 2183 711 2220; x_wconf 88' lang='lat' dir='ltr'><strong>u.</strong></span> <span class='ocrx_word' id='word_1_191' title='bbox 767 2165 836 2219; x_wconf 88' lang='lat' dir='ltr'><strong>iiber</strong></span> <span class='ocrx_word' id='word_1_192' title='bbox 859 2165 904 2220; x_wconf 88' lang='lat' dir='ltr'><strong>die</strong></span> <span class='ocrx_word' id='word_1_193' title='bbox 927 2165 1101 2235; x_wconf 82' lang='lat' dir='ltr'><strong>Auslassung</strong></span> <span class='ocrx_word' id='word_1_194' title='bbox 1123 2181 1178 2220; x_wconf 82' lang='lat' dir='ltr'><strong>uon</strong></span> <span class='ocrx_word' id='word_1_195' title='bbox 1203 2165 1330 2222; x_wconf 85' lang='lat' dir='ltr'><strong>etiams.</strong></span> 
     </span>
     <span class='ocr_line' id='line_1_22' title="bbox 153 2235 1330 2306; baseline 0.001 -15"><span class='ocrx_word' id='word_1_196' title='bbox 153 2237 285 2291; x_wconf 80' lang='lat' dir='ltr'><strong>hosthare</strong></span> <span class='ocrx_word' id='word_1_197' title='bbox 299 2236 419 2290; x_wconf 85' lang='lat' dir='ltr'><strong>Kleider.</strong></span> <span class='ocrx_word' id='word_1_198' title='bbox 434 2266 470 2276; x_wconf 89' lang='lat'>—</span> <span class='ocrx_word' id='word_1_199' title='bbox 489 2235 712 2304; x_wconf 80' lang='lat' dir='ltr'><strong>amplissime:</strong></span> <span class='ocrx_word' id='word_1_200' title='bbox 767 2253 790 2290; x_wconf 93' lang='lat' dir='ltr'><strong>c.</strong></span> <span class='ocrx_word' id='word_1_201' title='bbox 806 2242 840 2290; x_wconf 83' lang='lat'><strong>20</strong></span> <span class='ocrx_word' id='word_1_202' title='bbox 859 2254 894 2289; x_wconf 87' lang='lat' dir='ltr'><strong>zu</strong></span> <span class='ocrx_word' id='word_1_203' title='bbox 913 2236 1125 2291; x_wconf 84' lang='lat' dir='ltr'><strong>densW0rten.</strong></span> <span class='ocrx_word' id='word_1_204' title='bbox 1144 2267 1178 2277; x_wconf 90' lang='lat'><strong>—-</strong></span> <span class='ocrx_word' id='word_1_205' title='bbox 1197 2235 1330 2306; x_wconf 82' lang='lat' dir='ltr'><strong>gratia,</strong></span> 
     </span>
     <span class='ocr_line' id='line_1_23' title="bbox 153 2305 1332 2376; baseline 0.003 -16"><span class='ocrx_word' id='word_1_206' title='bbox 153 2308 207 2362; x_wconf 85' lang='lat' dir='ltr'><strong>mit</strong></span> <span class='ocrx_word' id='word_1_207' title='bbox 230 2305 398 2376; x_wconf 82' lang='lat' dir='ltr'><strong>glttuzender</strong></span> <span class='ocrx_word' id='word_1_208' title='bbox 416 2305 628 2376; x_wconf 80' lang='lat' dir='ltr'><strong>Freigebiglreit</strong></span> <span class='ocrx_word' id='word_1_209' title='bbox 646 2307 714 2361; x_wconf 89' lang='lat' dir='ltr'><strong>oder</strong></span> <span class='ocrx_word' id='word_1_210' title='bbox 767 2306 957 2376; x_wconf 80' lang='lat' dir='ltr'><strong>dignitate,</strong></span> <span class='ocrx_word' id='word_1_211' title='bbox 975 2307 1106 2362; x_wconf 85' lang='lat' dir='ltr'><strong>honore</strong></span> <span class='ocrx_word' id='word_1_212' title='bbox 1146 2306 1187 2362; x_wconf 81' lang='lat' dir='ltr'><strong>‘bt</strong></span> <span class='ocrx_word' id='word_1_213' title='bbox 1205 2305 1252 2362; x_wconf 90' lang='lat' dir='ltr'><strong>ein</strong></span> <span class='ocrx_word' id='word_1_214' title='bbox 1264 2307 1332 2363; x_wconf 83' lang='lat' dir='ltr'><strong>Bei-</strong></span> 
     </span>
     <span class='ocr_line' id='line_1_24' title="bbox 153 2376 1330 2447; baseline 0.002 -16"><span class='ocrx_word' id='word_1_215' title='bbox 153 2378 194 2431; x_wconf 90' lang='lat' dir='ltr'><strong>im</strong></span> <span class='ocrx_word' id='word_1_216' title='bbox 232 2377 374 2432; x_wconf 88' lang='lat' dir='ltr'><strong>reichsten</strong></span> <span class='ocrx_word' id='word_1_217' title='bbox 407 2377 506 2431; x_wconf 84' lang='lat' dir='ltr'><strong>Masso.</strong></span> <span class='ocrx_word' id='word_1_218' title='bbox 540 2408 574 2416; x_wconf 90' lang='lat'><em>-</em></span> <span class='ocrx_word' id='word_1_219' title='bbox 614 2394 713 2444; x_wconf 85' lang='lat' dir='ltr'><strong>quam</strong></span> <span class='ocrx_word' id='word_1_220' title='bbox 767 2377 839 2446; x_wconf 87' lang='lat' dir='ltr'><strong>spiel</strong></span> <span class='ocrx_word' id='word_1_221' title='bbox 856 2376 901 2430; x_wconf 82' lang='lat' dir='ltr'><strong>fiir</strong></span> <span class='ocrx_word' id='word_1_222' title='bbox 918 2377 1025 2433; x_wconf 83' lang='lat' dir='ltr'><strong>welche</strong></span> <span class='ocrx_word' id='word_1_223' title='bbox 1043 2377 1151 2446; x_wconf 76' lang='lat' dir='ltr'><strong>Rege?</strong></span> <span class='ocrx_word' id='word_1_224' title='bbox 1177 2377 1242 2447; x_wconf 80' lang='lat' dir='ltr'><strong>Vgl.</strong></span> <span class='ocrx_word' id='word_1_225' title='bbox 1262 2395 1285 2433; x_wconf 86' lang='lat' dir='ltr'><strong>o.</strong></span> <span class='ocrx_word' id='word_1_226' title='bbox 1307 2385 1330 2433; x_wconf 90' lang='lat'><strong>1.</strong></span> 
     </span>
     <span class='ocr_line' id='line_1_25' title="bbox 153 2447 1330 2505; baseline 0.003 -3"><span class='ocrx_word' id='word_1_227' title='bbox 153 2465 233 2502; x_wconf 88' lang='lat' dir='ltr'><strong>rem:</strong></span> <span class='ocrx_word' id='word_1_228' title='bbox 255 2465 275 2502; x_wconf 91' lang='lat' dir='ltr'><strong>s.</strong></span> <span class='ocrx_word' id='word_1_229' title='bbox 291 2454 344 2502; x_wconf 89' lang='lat' dir='ltr'><strong>c.3</strong></span> <span class='ocrx_word' id='word_1_230' title='bbox 364 2466 398 2501; x_wconf 88' lang='lat' dir='ltr'><strong>zu</strong></span> <span class='ocrx_word' id='word_1_231' title='bbox 415 2447 459 2501; x_wconf 90' lang='lat' dir='ltr'><strong>his</strong></span> <span class='ocrx_word' id='word_1_232' title='bbox 475 2447 565 2502; x_wconf 89' lang='lat' dir='ltr'><strong>rebus.</strong></span> <span class='ocrx_word' id='word_1_233' title='bbox 580 2477 614 2487; x_wconf 88' lang='lat'>—</span> <span class='ocrx_word' id='word_1_234' title='bbox 630 2447 711 2501; x_wconf 84' lang='lat' dir='ltr'><strong>olii·</strong></span> <span class='ocrx_word' id='word_1_235' title='bbox 768 2478 801 2488; x_wconf 93' lang='lat'>-</span> <span class='ocrx_word' id='word_1_236' title='bbox 825 2447 1002 2503; x_wconf 82' lang='lat' dir='ltr'><strong>auctiores</strong></span> <span class='ocrx_word' id='word_1_237' title='bbox 1020 2478 1054 2489; x_wconf 93' lang='lat'>—</span> <span class='ocrx_word' id='word_1_238' title='bbox 1079 2464 1164 2502; x_wconf 86' lang='lat' dir='ltr'><strong>csse:</strong></span> <span class='ocrx_word' id='word_1_239' title='bbox 1188 2448 1330 2505; x_wconf 85' lang='lat' dir='ltr'><strong>wachsen.</strong></span> 
     </span>
     <span class='ocr_line' id='line_1_26' title="bbox 154 2517 1331 2588; baseline 0.002 -16"><span class='ocrx_word' id='word_1_240' title='bbox 154 2519 230 2572; x_wconf 84' lang='lat' dir='ltr'><strong>ciis:</strong></span> <span class='ocrx_word' id='word_1_241' title='bbox 262 2518 390 2587; x_wconf 88' lang='lat' dir='ltr'><strong>Dienste,</strong></span> <span class='ocrx_word' id='word_1_242' title='bbox 423 2517 650 2588; x_wconf 77' lang='lat' dir='ltr'><strong>Geialliglreiten.</strong></span> <span class='ocrx_word' id='word_1_243' title='bbox 678 2549 712 2557; x_wconf 98' lang='lat'><em>-</em></span> <span class='ocrx_word' id='word_1_244' title='bbox 766 2518 809 2571; x_wconf 92' lang='lat' dir='ltr'><strong>Im</strong></span> <span class='ocrx_word' id='word_1_245' title='bbox 834 2518 895 2574; x_wconf 85' lang='lat' dir='ltr'><strong>Lat.</strong></span> <span class='ocrx_word' id='word_1_246' title='bbox 921 2519 985 2573; x_wconf 84' lang='lat' dir='ltr'><strong>tritt</strong></span> <span class='ocrx_word' id='word_1_247' title='bbox 1009 2519 1059 2573; x_wconf 87' lang='lat' dir='ltr'><strong>der</strong></span> <span class='ocrx_word' id='word_1_248' title='bbox 1084 2518 1157 2573; x_wconf 86' lang='lat' dir='ltr'><strong>auch</strong></span> <span class='ocrx_word' id='word_1_249' title='bbox 1180 2518 1221 2574; x_wconf 92' lang='lat' dir='ltr'><strong>im</strong></span> <span class='ocrx_word' id='word_1_250' title='bbox 1243 2519 1287 2574; x_wconf 88' lang='lat' dir='ltr'><strong>De</strong></span> <span class='ocrx_word' id='word_1_251' title='bbox 1306 2521 1331 2574; x_wconf 88' lang='lat' dir='ltr'><strong>t·</strong></span> 
     </span>
     <span class='ocr_line' id='line_1_27' title="bbox 154 2588 1330 2714; baseline 0 -70"><span class='ocrx_word' id='word_1_252' title='bbox 154 2605 352 2644; x_wconf 84' lang='lat' dir='ltr'><strong>consuesse:</strong></span> <span class='ocrx_word' id='word_1_253' title='bbox 377 2606 397 2643; x_wconf 91' lang='lat' dir='ltr'><strong>s.</strong></span> <span class='ocrx_word' id='word_1_254' title='bbox 421 2605 444 2643; x_wconf 90' lang='lat' dir='ltr'><strong>c.</strong></span> <span class='ocrx_word' id='word_1_255' title='bbox 468 2594 502 2643; x_wconf 83' lang='lat'><strong>23</strong></span> <span class='ocrx_word' id='word_1_256' title='bbox 527 2607 562 2643; x_wconf 87' lang='lat' dir='ltr'><strong>zu</strong></span> <span class='ocrx_word' id='word_1_257' title='bbox 584 2589 626 2644; x_wconf 88' lang='lat' dir='ltr'><strong>ire</strong></span> <span class='ocrx_word' id='word_1_258' title='bbox 650 2605 713 2644; x_wconf 89' lang='lat' dir='ltr'><strong>oon-</strong></span> <span class='ocrx_word' id='word_1_259' title='bbox 767 2589 853 2644; x_wconf 82' lang='lat' dir='ltr'><strong>echon</strong></span> <span class='ocrx_word' id='word_1_260' title='bbox 871 2588 900 2643; x_wconf 90' lang='lat' dir='ltr'><strong>in</strong></span> <span class='ocrx_word' id='word_1_261' title='bbox 919 2589 1083 2659; x_wconf 80' lang='lat' dir='ltr'><strong>„wachsen“</strong></span> <span class='ocrx_word' id='word_1_262' title='bbox 1102 2589 1232 2714; x_wconf 55' lang='lat' dir='ltr'><strong>haplende</strong></span> <span class='ocrx_word' id='word_1_263' title='bbox 1249 2588 1330 2645; x_wconf 84' lang='lat' dir='ltr'><strong>Gom-</strong></span> 
     </span>
     <span class='ocr_line' id='line_1_28' title="bbox 152 2658 1331 2729; baseline 0.002 -14"><span class='ocrx_word' id='word_1_264' title='bbox 152 2660 252 2715; x_wconf 88' lang='lat' dir='ltr'><strong>tendit.</strong></span> <span class='ocrx_word' id='word_1_265' title='bbox 276 2690 310 2700; x_wconf 92' lang='lat'><em>-</em></span> <span class='ocrx_word' id='word_1_266' title='bbox 339 2665 363 2716; x_wconf 91' lang='lat'><strong>5.</strong></span> <span class='ocrx_word' id='word_1_267' title='bbox 392 2676 483 2713; x_wconf 86' lang='lat' dir='ltr'><strong>eum:</strong></span> <span class='ocrx_word' id='word_1_268' title='bbox 507 2661 575 2714; x_wconf 82' lang='lat' dir='ltr'><strong>iiber</strong></span> <span class='ocrx_word' id='word_1_269' title='bbox 593 2660 639 2714; x_wconf 86' lang='lat' dir='ltr'><strong>die</strong></span> <span class='ocrx_word' id='word_1_270' title='bbox 661 2659 713 2714; x_wconf 89' lang='lat' dir='ltr'><strong>Be·</strong></span> <span class='ocrx_word' id='word_1_271' title='bbox 767 2658 982 2729; x_wconf 82' lang='lat' dir='ltr'><strong>parativbegriff</strong></span> <span class='ocrx_word' id='word_1_272' title='bbox 993 2660 1066 2715; x_wconf 82' lang='lat' dir='ltr'><strong>auch</strong></span> <span class='ocrx_word' id='word_1_273' title='bbox 1079 2660 1148 2714; x_wconf 88' lang='lat' dir='ltr'><strong>durc</strong></span> <span class='ocrx_word' id='word_1_274' title='bbox 1186 2661 1231 2715; x_wconf 84' lang='lat' dir='ltr'><strong>die</strong></span> <span class='ocrx_word' id='word_1_275' title='bbox 1245 2660 1331 2717; x_wconf 80' lang='lat' dir='ltr'><strong>Form</strong></span> 
     </span>
     <span class='ocr_line' id='line_1_29' title="bbox 153 2729 1331 2800; baseline 0.002 -14"><span class='ocrx_word' id='word_1_276' title='bbox 153 2733 280 2800; x_wconf 83' lang='lat' dir='ltr'><strong>deutung</strong></span> <span class='ocrx_word' id='word_1_277' title='bbox 297 2747 353 2785; x_wconf 87' lang='lat' dir='ltr'><strong>von</strong></span> <span class='ocrx_word' id='word_1_278' title='bbox 376 2747 440 2785; x_wconf 86' lang='lat' dir='ltr'><strong>cum</strong></span> <span class='ocrx_word' id='word_1_279' title='bbox 458 2747 478 2784; x_wconf 88' lang='lat' dir='ltr'><strong>s.</strong></span> <span class='ocrx_word' id='word_1_280' title='bbox 498 2748 520 2785; x_wconf 84' lang='lat' dir='ltr'><strong>c.</strong></span> <span class='ocrx_word' id='word_1_281' title='bbox 542 2737 575 2784; x_wconf 85' lang='lat'><strong>14</strong></span> <span class='ocrx_word' id='word_1_282' title='bbox 596 2748 631 2785; x_wconf 83' lang='lat' dir='ltr'><strong>zu</strong></span> <span class='ocrx_word' id='word_1_283' title='bbox 649 2746 713 2785; x_wconf 87' lang='lat' dir='ltr'><strong>cum</strong></span> <span class='ocrx_word' id='word_1_284' title='bbox 768 2729 894 2785; x_wconf 89' lang='lat' dir='ltr'><strong>deutlich</strong></span> <span class='ocrx_word' id='word_1_285' title='bbox 918 2731 1026 2785; x_wconf 87' lang='lat' dir='ltr'><strong>hervor.</strong></span> <span class='ocrx_word' id='word_1_286' title='bbox 1054 2762 1087 2772; x_wconf 93' lang='lat'>-</span> <span class='ocrx_word' id='word_1_287' title='bbox 1113 2747 1193 2786; x_wconf 84' lang='lat' dir='ltr'><strong>vero</strong></span> <span class='ocrx_word' id='word_1_288' title='bbox 1218 2731 1256 2785; x_wconf 89' lang='lat' dir='ltr'><strong>ist</strong></span> <span class='ocrx_word' id='word_1_289' title='bbox 1284 2732 1331 2788; x_wconf 89' lang='lat' dir='ltr'><strong>die</strong></span> 
     </span>
     <span class='ocr_line' id='line_1_30' title="bbox 153 2800 1330 2871; baseline 0.002 -15"><span class='ocrx_word' id='word_1_290' title='bbox 153 2819 186 2856; x_wconf 87' lang='lat' dir='ltr'><strong>ea</strong></span> <span class='ocrx_word' id='word_1_291' title='bbox 205 2804 246 2857; x_wconf 88' lang='lat' dir='ltr'><strong>ita</strong></span> <span class='ocrx_word' id='word_1_292' title='bbox 264 2802 329 2856; x_wconf 91' lang='lat' dir='ltr'><strong>sint.</strong></span> <span class='ocrx_word' id='word_1_293' title='bbox 364 2801 464 2856; x_wconf 83' lang='lat' dir='ltr'><strong>Solche</strong></span> <span class='ocrx_word' id='word_1_294' title='bbox 483 2800 578 2871; x_wconf 77' lang='lat' dir='ltr'><strong>Sttue,</strong></span> <span class='ocrx_word' id='word_1_295' title='bbox 597 2802 642 2856; x_wconf 89' lang='lat' dir='ltr'><strong>die</strong></span> <span class='ocrx_word' id='word_1_296' title='bbox 660 2800 714 2855; x_wconf 89' lang='lat' dir='ltr'><strong>mit</strong></span> <span class='ocrx_word' id='word_1_297' title='bbox 768 2801 846 2856; x_wconf 81' lang='lat' dir='ltr'><strong>stark</strong></span> <span class='ocrx_word' id='word_1_298' title='bbox 863 2800 1077 2871; x_wconf 78' lang='lat' dir='ltr'><strong>bekrtftigenda</strong></span> <span class='ocrx_word' id='word_1_299' title='bbox 1095 2801 1330 2871; x_wconf 78' lang='lat' dir='ltr'><strong>Adversativpar-</strong></span> 
     </span>
     <span class='ocr_line' id='line_1_31' title="bbox 152 2871 1331 2944; baseline 0.001 -17"><span class='ocrx_word' id='word_1_300' title='bbox 152 2875 217 2928; x_wconf 90' lang='lat' dir='ltr'><strong>dem</strong></span> <span class='ocrx_word' id='word_1_301' title='bbox 249 2871 428 2927; x_wconf 86' lang='lat' dir='ltr'><strong>concessiven</strong></span> <span class='ocrx_word' id='word_1_302' title='bbox 460 2889 524 2927; x_wconf 88' lang='lat' dir='ltr'><strong>cum</strong></span> <span class='ocrx_word' id='word_1_303' title='bbox 551 2872 714 2944; x_wconf 83' lang='lat' dir='ltr'><strong>eingeleitet</strong></span> <span class='ocrx_word' id='word_1_304' title='bbox 766 2871 838 2927; x_wconf 85' lang='lat' dir='ltr'><strong>tikel</strong></span> <span class='ocrx_word' id='word_1_305' title='bbox 862 2873 909 2942; x_wconf 86' lang='lat' dir='ltr'><strong>„in</strong></span> <span class='ocrx_word' id='word_1_306' title='bbox 931 2873 980 2927; x_wconf 89' lang='lat' dir='ltr'><strong>der</strong></span> <span class='ocrx_word' id='word_1_307' title='bbox 1000 2873 1075 2927; x_wconf 84' lang='lat' dir='ltr'><strong>Thut</strong></span> <span class='ocrx_word' id='word_1_308' title='bbox 1093 2873 1173 2941; x_wconf 87' lang='lat' dir='ltr'><strong>aber,</strong></span> <span class='ocrx_word' id='word_1_309' title='bbox 1199 2872 1331 2928; x_wconf 84' lang='lat' dir='ltr'><strong>wirklich</strong></span> 
     </span>
     <span class='ocr_line' id='line_1_32' title="bbox 153 2942 1331 3014; baseline 0.002 -18"><span class='ocrx_word' id='word_1_310' title='bbox 153 2945 215 2999; x_wconf 82' lang='lat' dir='ltr'><strong>aiud</strong></span> <span class='ocrx_word' id='word_1_311' title='bbox 232 2943 290 2998; x_wconf 90' lang='lat' dir='ltr'><strong>und</strong></span> <span class='ocrx_word' id='word_1_312' title='bbox 308 2943 460 3012; x_wconf 79' lang='lat' dir='ltr'><strong>negativen</strong></span> <span class='ocrx_word' id='word_1_313' title='bbox 474 2942 542 2998; x_wconf 85' lang='lat' dir='ltr'><strong>Sinn</strong></span> <span class='ocrx_word' id='word_1_314' title='bbox 558 2943 714 3010; x_wconf 79' lang='lat' dir='ltr'><strong>enthulten,</strong></span> <span class='ocrx_word' id='word_1_315' title='bbox 768 2943 848 3011; x_wconf 79' lang='lat' dir='ltr'><strong>aber,</strong></span> <span class='ocrx_word' id='word_1_316' title='bbox 880 2943 984 3014; x_wconf 82' lang='lat' dir='ltr'><strong>gerude</strong></span> <span class='ocrx_word' id='word_1_317' title='bbox 1016 2943 1109 2997; x_wconf 85' lang='lat' dir='ltr'><strong>aber“.</strong></span> <span class='ocrx_word' id='word_1_318' title='bbox 1139 2974 1172 2983; x_wconf 82' lang='lat'><strong>-</strong></span> <span class='ocrx_word' id='word_1_319' title='bbox 1206 2943 1331 3012; x_wconf 87' lang='lat' dir='ltr'><strong>populi</strong></span> 
     </span>
     <span class='ocr_line' id='line_1_33' title="bbox 152 3012 1330 3084; baseline -0.001 -14"><span class='ocrx_word' id='word_1_320' title='bbox 152 3015 245 3070; x_wconf 78' lang='lat' dir='ltr'><strong>lusson</strong></span> <span class='ocrx_word' id='word_1_321' title='bbox 268 3015 329 3069; x_wconf 86' lang='lat' dir='ltr'><strong>sich</strong></span> <span class='ocrx_word' id='word_1_322' title='bbox 351 3014 424 3069; x_wconf 76' lang='lat' dir='ltr'><strong>auch</strong></span> <span class='ocrx_word' id='word_1_323' title='bbox 447 3014 534 3068; x_wconf 87' lang='lat' dir='ltr'><strong>durch</strong></span> <span class='ocrx_word' id='word_1_324' title='bbox 553 3015 643 3082; x_wconf 89' lang='lat' dir='ltr'><strong>„ohne</strong></span> <span class='ocrx_word' id='word_1_325' title='bbox 662 3015 713 3066; x_wconf 83' lang='lat' dir='ltr'><strong>zu“</strong></span> <span class='ocrx_word' id='word_1_326' title='bbox 767 3013 912 3069; x_wconf 84' lang='lat' dir='ltr'><strong>Romani</strong></span> <span class='ocrx_word' id='word_1_327' title='bbox 926 3015 986 3068; x_wconf 74' lang='lat' dir='ltr'><strong>libs.</strong></span> <span class='ocrx_word' id='word_1_328' title='bbox 1002 3014 1075 3068; x_wconf 80' lang='lat' dir='ltr'><strong>nach</strong></span> <span class='ocrx_word' id='word_1_329' title='bbox 1090 3030 1112 3068; x_wconf 91' lang='lat' dir='ltr'><strong>c.</strong></span> <span class='ocrx_word' id='word_1_330' title='bbox 1128 3020 1144 3068; x_wconf 82' lang='grc'>3</span> <span class='ocrx_word' id='word_1_331' title='bbox 1159 3032 1195 3068; x_wconf 82' lang='lat' dir='ltr'><strong>zu</strong></span> <span class='ocrx_word' id='word_1_332' title='bbox 1208 3012 1290 3084; x_wconf 83' lang='lat' dir='ltr'><strong>regni</strong></span> <span class='ocrx_word' id='word_1_333' title='bbox 1303 3030 1330 3069; x_wconf 81' lang='lat' dir='ltr'><strong>a.</strong></span> 
     </span>
     <span class='ocr_line' id='line_1_34' title="bbox 152 3083 1329 3156; baseline -0.001 -15"><span class='ocrx_word' id='word_1_334' title='bbox 152 3090 204 3156; x_wconf 85' lang='lat' dir='ltr'><strong>gut</strong></span> <span class='ocrx_word' id='word_1_335' title='bbox 228 3085 401 3140; x_wconf 83' lang='lat' dir='ltr'><strong>iibersetaen.</strong></span> <span class='ocrx_word' id='word_1_336' title='bbox 428 3115 461 3124; x_wconf 89' lang='lat'>-</span> <span class='ocrx_word' id='word_1_337' title='bbox 488 3084 633 3138; x_wconf 80' lang='lat' dir='ltr'><strong>aditum:</strong></span> <span class='ocrx_word' id='word_1_338' title='bbox 661 3084 713 3138; x_wconf 88' lang='lat' dir='ltr'><strong>Be·</strong></span> <span class='ocrx_word' id='word_1_339' title='bbox 768 3084 1037 3139; x_wconf 76' lang='lat' dir='ltr'><strong>-attulissentr</strong></span> <span class='ocrx_word' id='word_1_340' title='bbox 1057 3083 1182 3138; x_wconf 77' lang='lat' dir='ltr'><strong>nhmlich</strong></span> <span class='ocrx_word' id='word_1_341' title='bbox 1195 3084 1255 3138; x_wconf 90' lang='lat' dir='ltr'><strong>ihre</strong></span> <span class='ocrx_word' id='word_1_342' title='bbox 1269 3084 1329 3140; x_wconf 87' lang='lat' dir='ltr'><strong>Uu-</strong></span> 
     </span>
     <span class='ocr_line' id='line_1_35' title="bbox 152 3153 1330 3225; baseline 0.001 -16"><span class='ocrx_word' id='word_1_343' title='bbox 152 3156 327 3224; x_wconf 78' lang='lat' dir='ltr'><strong>rechtigrmg.</strong></span> <span class='ocrx_word' id='word_1_344' title='bbox 343 3185 375 3195; x_wconf 93' lang='lat'>-</span> <span class='ocrx_word' id='word_1_345' title='bbox 396 3155 552 3210; x_wconf 83' lang='lat' dir='ltr'><strong>haberet:</strong></span> <span class='ocrx_word' id='word_1_346' title='bbox 572 3155 623 3208; x_wconf 86' lang='lat' dir='ltr'><strong>wir</strong></span> <span class='ocrx_word' id='word_1_347' title='bbox 641 3154 714 3209; x_wconf 84' lang='lat' dir='ltr'><strong>auch</strong></span> <span class='ocrx_word' id='word_1_348' title='bbox 767 3154 971 3224; x_wconf 78' lang='lat' dir='ltr'><strong>abh&#39;tngigkeit</strong></span> <span class='ocrx_word' id='word_1_349' title='bbox 1001 3155 1056 3208; x_wconf 88' lang='lat' dir='ltr'><strong>und</strong></span> <span class='ocrx_word' id='word_1_350' title='bbox 1091 3153 1144 3209; x_wconf 90' lang='lat' dir='ltr'><strong>den</strong></span> <span class='ocrx_word' id='word_1_351' title='bbox 1176 3154 1330 3225; x_wconf 79' lang='lat' dir='ltr'><strong>Principat.</strong></span> 
     </span>
     <span class='ocr_line' id='line_1_36' title="bbox 153 3224 1332 3297; baseline 0.002 -18"><span class='ocrx_word' id='word_1_352' title='bbox 153 3225 713 3293; x_wconf 83' lang='lat' dir='ltr'><strong>einanderesTempus.—praemia:</strong></span> <span class='ocrx_word' id='word_1_353' title='bbox 768 3256 802 3264; x_wconf 92' lang='lat'><em>-</em></span> <span class='ocrx_word' id='word_1_354' title='bbox 831 3225 908 3293; x_wconf 85' lang='lat' dir='ltr'><strong>quis</strong></span> <span class='ocrx_word' id='word_1_355' title='bbox 935 3224 1010 3294; x_wconf 82' lang='lat' dir='ltr'><strong>pati</strong></span> <span class='ocrx_word' id='word_1_356' title='bbox 1035 3226 1169 3294; x_wconf 81' lang='lat' dir='ltr'><strong>posset:</strong></span> <span class='ocrx_word' id='word_1_357' title='bbox 1205 3224 1332 3297; x_wconf 85' lang='lat' dir='ltr'><strong>Beispiel</strong></span> 
     </span>
     <span class='ocr_line' id='line_1_37' title="bbox 152 3294 1329 3366; baseline 0.003 -18"><span class='ocrx_word' id='word_1_358' title='bbox 152 3294 410 3364; x_wconf 82' lang='lat' dir='ltr'><strong>Auszeichuungen.</strong></span> <span class='ocrx_word' id='word_1_359' title='bbox 421 3325 454 3335; x_wconf 93' lang='grc'><strong>-</strong></span> <span class='ocrx_word' id='word_1_360' title='bbox 466 3302 490 3350; x_wconf 84' lang='grc'><strong>6,</strong></span> <span class='ocrx_word' id='word_1_361' title='bbox 506 3311 604 3363; x_wconf 84' lang='lat' dir='ltr'><strong>quam</strong></span> <span class='ocrx_word' id='word_1_362' title='bbox 618 3296 714 3350; x_wconf 86' lang='lat' dir='ltr'><strong>vete·</strong></span> <span class='ocrx_word' id='word_1_363' title='bbox 768 3295 843 3350; x_wconf 88' lang='lat' dir='ltr'><strong>eines</strong></span> <span class='ocrx_word' id='word_1_364' title='bbox 852 3296 1032 3366; x_wconf 81' lang='lat' dir='ltr'><strong>Fregesatzes</strong></span> <span class='ocrx_word' id='word_1_365' title='bbox 1046 3295 1075 3349; x_wconf 89' lang='lat' dir='ltr'><strong>in</strong></span> <span class='ocrx_word' id='word_1_366' title='bbox 1089 3295 1241 3353; x_wconf 69' lang='lat' dir='ltr'><strong>indirectas</strong></span> <span class='ocrx_word' id='word_1_367' title='bbox 1250 3295 1329 3352; x_wconf 82' lang='lat' dir='ltr'><strong>Rode</strong></span> 
     </span>
     <span class='ocr_line' id='line_1_38' title="bbox 152 3364 1330 3438; baseline 0.003 -19"><span class='ocrx_word' id='word_1_368' title='bbox 152 3382 221 3420; x_wconf 70' lang='lat' dir='ltr'><strong>rest</strong></span> <span class='ocrx_word' id='word_1_369' title='bbox 240 3365 310 3420; x_wconf 84' lang='lat' dir='ltr'><strong>tiber</strong></span> <span class='ocrx_word' id='word_1_370' title='bbox 328 3365 373 3419; x_wconf 87' lang='lat' dir='ltr'><strong>die</strong></span> <span class='ocrx_word' id='word_1_371' title='bbox 393 3365 482 3420; x_wconf 82' lang='lat' dir='ltr'><strong>Sache</strong></span> <span class='ocrx_word' id='word_1_372' title='bbox 501 3383 521 3419; x_wconf 88' lang='lat' dir='ltr'><strong>s.</strong></span> <span class='ocrx_word' id='word_1_373' title='bbox 541 3382 564 3420; x_wconf 91' lang='lat' dir='ltr'><strong>c.</strong></span> <span class='ocrx_word' id='word_1_374' title='bbox 580 3371 612 3418; x_wconf 91' lang='lat'><strong>11</strong></span> <span class='ocrx_word' id='word_1_375' title='bbox 632 3384 659 3419; x_wconf 91' lang='grc' dir='ltr'><strong>ιι.</strong></span> <span class='ocrx_word' id='word_1_376' title='bbox 679 3371 712 3419; x_wconf 86' lang='grc'><strong>31</strong></span> <span class='ocrx_word' id='word_1_377' title='bbox 767 3364 822 3420; x_wconf 87' lang='lat' dir='ltr'><strong>mit</strong></span> <span class='ocrx_word' id='word_1_378' title='bbox 844 3365 906 3420; x_wconf 91' lang='lat' dir='ltr'><strong>dem</strong></span> <span class='ocrx_word' id='word_1_379' title='bbox 929 3365 1063 3422; x_wconf 77' lang='lat' dir='ltr'><strong>Prtdicat</strong></span> <span class='ocrx_word' id='word_1_380' title='bbox 1085 3364 1126 3420; x_wconf 89' lang='lat' dir='ltr'><strong>im</strong></span> <span class='ocrx_word' id='word_1_381' title='bbox 1150 3365 1227 3437; x_wconf 81' lang='lat' dir='ltr'><strong>Couj.</strong></span> <span class='ocrx_word' id='word_1_382' title='bbox 1264 3365 1330 3438; x_wconf 81' lang='lat' dir='ltr'><strong>Vgl.</strong></span> 
     </span>
     <span class='ocr_line' id='line_1_39' title="bbox 151 3435 1331 3518; baseline 0.002 -28"><span class='ocrx_word' id='word_1_383' title='bbox 151 3453 208 3491; x_wconf 85' lang='lat' dir='ltr'><strong>von</strong></span> <span class='ocrx_word' id='word_1_384' title='bbox 226 3436 281 3490; x_wconf 89' lang='lat' dir='ltr'><strong>den</strong></span> <span class='ocrx_word' id='word_1_385' title='bbox 298 3436 416 3490; x_wconf 81' lang='lat' dir='ltr'><strong>Wmten</strong></span> <span class='ocrx_word' id='word_1_386' title='bbox 434 3453 483 3490; x_wconf 86' lang='lat' dir='ltr'><strong>an:</strong></span> <span class='ocrx_word' id='word_1_387' title='bbox 510 3435 617 3501; x_wconf 79' lang='lat' dir='ltr'><strong>Quibus</strong></span> <span class='ocrx_word' id='word_1_388' title='bbox 634 3451 714 3505; x_wconf 73' lang='lat' dir='ltr'><strong>proc</strong></span> <span class='ocrx_word' id='word_1_389' title='bbox 768 3437 896 3518; x_wconf 75' lang='lat' dir='ltr'><strong>dsgegen</strong></span> <span class='ocrx_word' id='word_1_390' title='bbox 925 3455 948 3493; x_wconf 85' lang='lat' dir='ltr'><strong>c.</strong></span> <span class='ocrx_word' id='word_1_391' title='bbox 973 3443 1006 3491; x_wconf 85' lang='lat'><strong>14</strong></span> <span class='ocrx_word' id='word_1_392' title='bbox 1033 3455 1101 3492; x_wconf 90' lang='lat' dir='ltr'><strong>num</strong></span> <span class='ocrx_word' id='word_1_393' title='bbox 1125 3467 1159 3476; x_wconf 93' lang='lat'><em>-</em></span> <span class='ocrx_word' id='word_1_394' title='bbox 1184 3453 1276 3508; x_wconf 87' lang='lat' dir='ltr'><strong>posse.</strong></span> <span class='ocrx_word' id='word_1_395' title='bbox 1295 3468 1331 3480; x_wconf 90' lang='lat'><em>-</em></span> 
     </span>
     <span class='ocr_line' id='line_1_40' title="bbox 152 3506 1331 3573; baseline 0.003 -13"><span class='ocrx_word' id='word_1_396' title='bbox 152 3507 197 3560; x_wconf 90' lang='lat' dir='ltr'><strong>liis</strong></span> <span class='ocrx_word' id='word_1_397' title='bbox 211 3506 315 3562; x_wconf 84' lang='lat' dir='ltr'><strong>fractos</strong></span> <span class='ocrx_word' id='word_1_398' title='bbox 330 3507 383 3561; x_wconf 88' lang='lat' dir='ltr'><strong>etc.</strong></span> <span class='ocrx_word' id='word_1_399' title='bbox 395 3506 713 3573; x_wconf 80' lang='lat' dir='ltr'><strong>-intcrcederentz</strong></span> <span class='ocrx_word' id='word_1_400' title='bbox 768 3513 793 3562; x_wconf 81' lang='grc'><strong>9.</strong></span> <span class='ocrx_word' id='word_1_401' title='bbox 811 3525 845 3561; x_wconf 89' lang='lat'><strong>111</strong></span> <span class='ocrx_word' id='word_1_402' title='bbox 864 3508 1038 3563; x_wconf 83' lang='lat' dir='ltr'><strong>mandatis</strong></span> <span class='ocrx_word' id='word_1_403' title='bbox 1056 3507 1083 3561; x_wconf 89' lang='lat' dir='ltr'><strong>d.</strong></span> <span class='ocrx_word' id='word_1_404' title='bbox 1097 3507 1115 3562; x_wconf 85' lang='lat' dir='ltr'><strong>i.</strong></span> <span class='ocrx_word' id='word_1_405' title='bbox 1133 3508 1331 3563; x_wconf 80' lang='lat' dir='ltr'><strong>mandatorum</strong></span> 
     </span>
     <span class='ocr_line' id='line_1_41' title="bbox 153 3576 1332 3651; baseline 0.005 -22"><span class='ocrx_word' id='word_1_406' title='bbox 153 3576 335 3632; x_wconf 77' lang='lat' dir='ltr'><strong>stattlatnden.</strong></span> <span class='ocrx_word' id='word_1_407' title='bbox 347 3608 380 3616; x_wconf 92' lang='lat'>—</span> <span class='ocrx_word' id='word_1_408' title='bbox 392 3584 416 3632; x_wconf 78' lang='lat'><strong>7.</strong></span> <span class='ocrx_word' id='word_1_409' title='bbox 427 3594 511 3646; x_wconf 88' lang='lat' dir='ltr'><strong>quae</strong></span> <span class='ocrx_word' id='word_1_410' title='bbox 526 3609 560 3617; x_wconf 97' lang='lat'><em>-</em></span> <span class='ocrx_word' id='word_1_411' title='bbox 574 3577 712 3631; x_wconf 90' lang='lat' dir='ltr'><strong>honori·</strong></span> <span class='ocrx_word' id='word_1_412' title='bbox 767 3579 842 3633; x_wconf 87' lang='lat' dir='ltr'><strong>loco:</strong></span> <span class='ocrx_word' id='word_1_413' title='bbox 853 3578 894 3632; x_wconf 86' lang='lat' dir='ltr'><strong>als</strong></span> <span class='ocrx_word' id='word_1_414' title='bbox 901 3579 1126 3648; x_wconf 75' lang='lat' dir='ltr'><strong>Aultrit‘ge,iibs.:</strong></span> <span class='ocrx_word' id='word_1_415' title='bbox 1136 3595 1195 3633; x_wconf 84' lang='lat' dir='ltr'><strong>was</strong></span> <span class='ocrx_word' id='word_1_416' title='bbox 1203 3595 1332 3651; x_wconf 76' lang='lat' dir='ltr'><strong>uusagen</strong></span> 
     </span>
     <span class='ocr_line' id='line_1_42' title="bbox 152 3647 1330 3718; baseline 0.004 -17"><span class='ocrx_word' id='word_1_417' title='bbox 152 3647 232 3702; x_wconf 83' lang='lat' dir='ltr'><strong>fica:</strong></span> <span class='ocrx_word' id='word_1_418' title='bbox 255 3647 318 3702; x_wconf 90' lang='lat' dir='ltr'><strong>sind</strong></span> <span class='ocrx_word' id='word_1_419' title='bbox 339 3654 354 3702; x_wconf 90' lang='lat'><strong>3</strong></span> <span class='ocrx_word' id='word_1_420' title='bbox 375 3647 567 3718; x_wconf 81' lang='lat' dir='ltr'><strong>selbstitndige</strong></span> <span class='ocrx_word' id='word_1_421' title='bbox 590 3648 712 3718; x_wconf 79' lang='lat' dir='ltr'><strong>Fragen:</strong></span> <span class='ocrx_word' id='word_1_422' title='bbox 768 3666 798 3704; x_wconf 89' lang='lat' dir='ltr'><strong>er</strong></span> <span class='ocrx_word' id='word_1_423' title='bbox 816 3667 919 3704; x_wconf 83' lang='lat' dir='ltr'><strong>usu.</strong></span> <span class='ocrx_word' id='word_1_424' title='bbox 936 3681 969 3688; x_wconf 95' lang='lat'><em>-</em></span> <span class='ocrx_word' id='word_1_425' title='bbox 991 3651 1038 3703; x_wconf 84' lang='lat' dir='ltr'><strong>at:</strong></span> <span class='ocrx_word' id='word_1_426' title='bbox 1058 3649 1131 3704; x_wconf 89' lang='lat' dir='ltr'><strong>doch</strong></span> <span class='ocrx_word' id='word_1_427' title='bbox 1149 3648 1223 3704; x_wconf 83' lang='lat' dir='ltr'><strong>weni</strong></span> <span class='ocrx_word' id='word_1_428' title='bbox 1244 3650 1330 3706; x_wconf 87' lang='lat' dir='ltr'><strong>stens.</strong></span> 
     </span>
     <span class='ocr_line' id='line_1_43' title="bbox 152 3718 1329 3790; baseline 0.003 -18"><span class='ocrx_word' id='word_1_429' title='bbox 152 3719 198 3773; x_wconf 89' lang='lat' dir='ltr'><strong>die</strong></span> <span class='ocrx_word' id='word_1_430' title='bbox 224 3720 298 3773; x_wconf 88' lang='lat' dir='ltr'><strong>erste</strong></span> <span class='ocrx_word' id='word_1_431' title='bbox 324 3719 417 3787; x_wconf 83' lang='lat' dir='ltr'><strong>(quae)</strong></span> <span class='ocrx_word' id='word_1_432' title='bbox 442 3719 554 3772; x_wconf 87' lang='lat' dir='ltr'><strong>bezieht</strong></span> <span class='ocrx_word' id='word_1_433' title='bbox 579 3718 639 3773; x_wconf 87' lang='lat' dir='ltr'><strong>sich</strong></span> <span class='ocrx_word' id='word_1_434' title='bbox 665 3718 716 3774; x_wconf 87' lang='lat' dir='ltr'><strong>auf</strong></span> <span class='ocrx_word' id='word_1_435' title='bbox 803 3719 870 3790; x_wconf 81' lang='lat' dir='ltr'><strong>Cap.</strong></span> <span class='ocrx_word' id='word_1_436' title='bbox 890 3727 933 3775; x_wconf 87' lang='lat'><strong>44.</strong></span> <span class='ocrx_word' id='word_1_437' title='bbox 959 3727 980 3774; x_wconf 85' lang='lat'><strong>1.</strong></span> <span class='ocrx_word' id='word_1_438' title='bbox 1000 3736 1123 3789; x_wconf 84' lang='lat' dir='ltr'><strong>pauca:</strong></span> <span class='ocrx_word' id='word_1_439' title='bbox 1148 3738 1196 3775; x_wconf 82' lang='lat' dir='ltr'><strong>zur</strong></span> <span class='ocrx_word' id='word_1_440' title='bbox 1240 3721 1329 3776; x_wconf 84' lang='lat' dir='ltr'><strong>obers.</strong></span> 
     </span>
     <span class='ocr_line' id='line_1_44' title="bbox 153 3788 1332 3858; baseline 0.003 -15"><span class='ocrx_word' id='word_1_441' title='bbox 153 3789 208 3844; x_wconf 89' lang='lat' dir='ltr'><strong>den</strong></span> <span class='ocrx_word' id='word_1_442' title='bbox 230 3789 336 3858; x_wconf 81' lang='lat' dir='ltr'><strong>Inhelt,</strong></span> <span class='ocrx_word' id='word_1_443' title='bbox 365 3789 410 3843; x_wconf 91' lang='lat' dir='ltr'><strong>die</strong></span> <span class='ocrx_word' id='word_1_444' title='bbox 437 3789 535 3844; x_wconf 85' lang='lat' dir='ltr'><strong>zweite</strong></span> <span class='ocrx_word' id='word_1_445' title='bbox 558 3788 711 3858; x_wconf 85' lang='lat' dir='ltr'><strong>(quotiens)</strong></span> <span class='ocrx_word' id='word_1_446' title='bbox 765 3809 787 3845; x_wconf 92' lang='lat' dir='ltr'><strong>s.</strong></span> <span class='ocrx_word' id='word_1_447' title='bbox 801 3807 824 3847; x_wconf 90' lang='lat' dir='ltr'><strong>c.</strong></span> <span class='ocrx_word' id='word_1_448' title='bbox 841 3797 907 3846; x_wconf 84' lang='lat' dir='ltr'><strong>9zu</strong></span> <span class='ocrx_word' id='word_1_449' title='bbox 920 3807 983 3845; x_wconf 85' lang='lat' dir='ltr'><strong>una.</strong></span> <span class='ocrx_word' id='word_1_450' title='bbox 999 3822 1033 3830; x_wconf 92' lang='lat'><em>-</em></span> <span class='ocrx_word' id='word_1_451' title='bbox 1048 3789 1088 3845; x_wconf 89' lang='lat' dir='ltr'><strong>de</strong></span> <span class='ocrx_word' id='word_1_452' title='bbox 1102 3789 1173 3845; x_wconf 87' lang='lat' dir='ltr'><strong>suis</strong></span> <span class='ocrx_word' id='word_1_453' title='bbox 1187 3790 1332 3847; x_wconf 86' lang='lat' dir='ltr'><strong>virtuti·</strong></span> 
     </span>
     <span class='ocr_line' id='line_1_45' title="bbox 152 3859 1329 3929; baseline 0.003 -15"><span class='ocrx_word' id='word_1_454' title='bbox 152 3861 202 3914; x_wconf 82' lang='lat' dir='ltr'><strong>auf</strong></span> <span class='ocrx_word' id='word_1_455' title='bbox 214 3859 259 3915; x_wconf 89' lang='lat' dir='ltr'><strong>die</strong></span> <span class='ocrx_word' id='word_1_456' title='bbox 274 3860 356 3928; x_wconf 82' lang='lat' dir='ltr'><strong>Zahl,</strong></span> <span class='ocrx_word' id='word_1_457' title='bbox 371 3860 428 3914; x_wconf 90' lang='lat' dir='ltr'><strong>und</strong></span> <span class='ocrx_word' id='word_1_458' title='bbox 442 3861 488 3915; x_wconf 88' lang='lat' dir='ltr'><strong>die</strong></span> <span class='ocrx_word' id='word_1_459' title='bbox 503 3859 587 3914; x_wconf 86' lang='lat' dir='ltr'><strong>dn&#39;tte</strong></span> <span class='ocrx_word' id='word_1_460' title='bbox 604 3861 712 3929; x_wconf 84' lang='lat' dir='ltr'><strong>(quum-</strong></span> <span class='ocrx_word' id='word_1_461' title='bbox 765 3861 844 3916; x_wconf 87' lang='lat' dir='ltr'><strong>hus:</strong></span> <span class='ocrx_word' id='word_1_462' title='bbox 861 3862 938 3916; x_wconf 87' lang='lat' dir='ltr'><strong>diese</strong></span> <span class='ocrx_word' id='word_1_463' title='bbox 952 3860 1006 3915; x_wconf 80' lang='lat' dir='ltr'><strong>Art</strong></span> <span class='ocrx_word' id='word_1_464' title='bbox 1024 3862 1072 3916; x_wconf 88' lang='lat' dir='ltr'><strong>des</strong></span> <span class='ocrx_word' id='word_1_465' title='bbox 1085 3861 1125 3915; x_wconf 81' lang='lat' dir='ltr'><strong>As</strong></span> <span class='ocrx_word' id='word_1_466' title='bbox 1144 3861 1249 3917; x_wconf 86' lang='lat' dir='ltr'><strong>ndeton</strong></span> <span class='ocrx_word' id='word_1_467' title='bbox 1267 3860 1329 3917; x_wconf 74' lang='lat' dir='ltr'><strong>uer</strong></span> 
     </span>
     <span class='ocr_line' id='line_1_46' title="bbox 152 3878 1331 3998; baseline 0.003 -13"><span class='ocrx_word' id='word_1_468' title='bbox 152 3948 206 3998; x_wconf 88' lang='lat' dir='ltr'><strong>que</strong></span> <span class='ocrx_word' id='word_1_469' title='bbox 224 3929 391 3997; x_wconf 81' lang='lat' dir='ltr'><strong>honorifica,</strong></span> <span class='ocrx_word' id='word_1_470' title='bbox 417 3931 447 3984; x_wconf 92' lang='lat' dir='ltr'><strong>in</strong></span> <span class='ocrx_word' id='word_1_471' title='bbox 464 3931 554 3986; x_wconf 88' lang='lat' dir='ltr'><strong>welch</strong></span> <span class='ocrx_word' id='word_1_472' title='bbox 573 3931 712 3986; x_wconf 87' lang='lat' dir='ltr'><strong>ehrendeu</strong></span> <span class='ocrx_word' id='word_1_473' title='bbox 766 3933 852 3987; x_wconf 89' lang='lat' dir='ltr'><strong>schon</strong></span> <span class='ocrx_word' id='word_1_474' title='bbox 868 3932 944 3986; x_wconf 75' lang='lat' dir='ltr'><strong>diter</strong></span> <span class='ocrx_word' id='word_1_475' title='bbox 962 3931 1006 3986; x_wconf 83' lang='lat' dir='ltr'><strong>da.</strong></span> <span class='ocrx_word' id='word_1_476' title='bbox 1031 3930 1058 3986; x_wconf 85' lang='lat' dir='ltr'><strong>S.</strong></span> <span class='ocrx_word' id='word_1_477' title='bbox 1075 3947 1097 3987; x_wconf 93' lang='lat' dir='ltr'><strong>c.</strong></span> <span class='ocrx_word' id='word_1_478' title='bbox 1108 3878 1149 3988; x_wconf 57' lang='lat' dir='ltr'><strong>li.</strong></span> <span class='ocrx_word' id='word_1_479' title='bbox 1165 3963 1198 3971; x_wconf 92' lang='lat'>—</span> <span class='ocrx_word' id='word_1_480' title='bbox 1217 3930 1331 3989; x_wconf 75' lang='lat' dir='ltr'><strong>multa</strong></span> 
     </span>
     <span class='ocr_line' id='line_1_47' title="bbox 151 4001 1393 4085; baseline 0.001 -30"><span class='ocrx_word' id='word_1_481' title='bbox 151 4001 346 4069; x_wconf 84' lang='lat' dir='ltr'><strong>Ansdrticken)</strong></span> <span class='ocrx_word' id='word_1_482' title='bbox 366 4001 417 4056; x_wconf 85' lang='lat' dir='ltr'><strong>auf</strong></span> <span class='ocrx_word' id='word_1_483' title='bbox 433 4002 478 4058; x_wconf 90' lang='lat' dir='ltr'><strong>die</strong></span> <span class='ocrx_word' id='word_1_484' title='bbox 492 4003 575 4057; x_wconf 82' lang='lat' dir='ltr'><strong>Form</strong></span> <span class='ocrx_word' id='word_1_485' title='bbox 594 4002 643 4056; x_wconf 90' lang='lat' dir='ltr'><strong>der</strong></span> <span class='ocrx_word' id='word_1_486' title='bbox 661 4002 708 4056; x_wconf 93' lang='lat' dir='ltr'><strong>Be·</strong></span> <span class='ocrx_word' id='word_1_487' title='bbox 766 4002 1002 4072; x_wconf 86' lang='lat' dir='ltr'><strong>praedicavit:</strong></span> <span class='ocrx_word' id='word_1_488' title='bbox 1018 4003 1130 4060; x_wconf 80' lang='lat' dir='ltr'><strong>rnechte</strong></span> <span class='ocrx_word' id='word_1_489' title='bbox 1145 4019 1175 4057; x_wconf 89' lang='lat' dir='ltr'><strong>er</strong></span> <span class='ocrx_word' id='word_1_490' title='bbox 1189 4019 1268 4085; x_wconf 68' lang='lat' dir='ltr'><strong>gross</strong></span> <span class='ocrx_word' id='word_1_491' title='bbox 1281 4003 1329 4059; x_wconf 87' lang='lat' dir='ltr'><strong>od.</strong></span> <span class='ocrx_word' id='word_1_492' title='bbox 1387 4032 1393 4056; x_wconf 78' lang='lat' dir='ltr'><strong>t</strong></span> 
     </span>
     <span class='ocr_line' id='line_1_48' title="bbox 81 4071 1329 4142; baseline 0.005 -17"><span class='ocrx_word' id='word_1_493' title='bbox 81 4074 85 4082; x_wconf 92' lang='lat'>&#39;</span> <span class='ocrx_word' id='word_1_494' title='bbox 152 4071 285 4128; x_wconf 82' lang='lat' dir='ltr'><strong>schliisse.</strong></span> <span class='ocrx_word' id='word_1_495' title='bbox 298 4104 331 4112; x_wconf 90' lang='lat'><em>-</em></span> <span class='ocrx_word' id='word_1_496' title='bbox 346 4071 382 4126; x_wconf 90' lang='lat' dir='ltr'><strong>in</strong></span> <span class='ocrx_word' id='word_1_497' title='bbox 402 4089 476 4129; x_wconf 84' lang='lat' dir='ltr'><strong>cos:</strong></span> <span class='ocrx_word' id='word_1_498' title='bbox 495 4073 581 4128; x_wconf 90' lang='lat' dir='ltr'><strong>inim</strong></span> <span class='ocrx_word' id='word_1_499' title='bbox 599 4073 712 4128; x_wconf 89' lang='lat' dir='ltr'><strong>freund-</strong></span> <span class='ocrx_word' id='word_1_500' title='bbox 765 4073 823 4128; x_wconf 82' lang='lat' dir='ltr'><strong>viel</strong></span> <span class='ocrx_word' id='word_1_501' title='bbox 836 4073 991 4142; x_wconf 84' lang='lat' dir='ltr'><strong>Riihmens,</strong></span> <span class='ocrx_word' id='word_1_502' title='bbox 1010 4076 1113 4127; x_wconf 85' lang='lat' dir='ltr'><strong>wusste</strong></span> <span class='ocrx_word' id='word_1_503' title='bbox 1133 4090 1164 4128; x_wconf 90' lang='lat' dir='ltr'><strong>er</strong></span> <span class='ocrx_word' id='word_1_504' title='bbox 1180 4073 1238 4130; x_wconf 80' lang='lat' dir='ltr'><strong>viel</strong></span> <span class='ocrx_word' id='word_1_505' title='bbox 1250 4073 1329 4131; x_wconf 80' lang='lat' dir='ltr'><strong>Ruh-</strong></span> 
     </span>
     <span class='ocr_line' id='line_1_49' title="bbox 151 4142 1331 4203; baseline 0.006 -7"><span class='ocrx_word' id='word_1_506' title='bbox 151 4142 340 4197; x_wconf 83' lang='lat' dir='ltr'><strong>lichenSiuu:</strong></span> <span class='ocrx_word' id='word_1_507' title='bbox 358 4142 460 4198; x_wconf 54' lang='grc'><strong>111-</strong></span> <span class='ocrx_word' id='word_1_508' title='bbox 478 4146 526 4198; x_wconf 88' lang='lat' dir='ltr'><strong>ut:</strong></span> <span class='ocrx_word' id='word_1_509' title='bbox 546 4144 607 4199; x_wconf 86' lang='lat' dir='ltr'><strong>wie.</strong></span> <span class='ocrx_word' id='word_1_510' title='bbox 628 4174 662 4184; x_wconf 89' lang='lat'><em>-</em></span> <span class='ocrx_word' id='word_1_511' title='bbox 687 4150 711 4198; x_wconf 87' lang='lat'><strong>8.</strong></span> <span class='ocrx_word' id='word_1_512' title='bbox 767 4160 844 4199; x_wconf 88' lang='lat' dir='ltr'><strong>mens</strong></span> <span class='ocrx_word' id='word_1_513' title='bbox 862 4161 895 4196; x_wconf 84' lang='lat' dir='ltr'><strong>zu</strong></span> <span class='ocrx_word' id='word_1_514' title='bbox 913 4144 1039 4198; x_wconf 84' lang='lat' dir='ltr'><strong>macheu.</strong></span> <span class='ocrx_word' id='word_1_515' title='bbox 1059 4174 1092 4184; x_wconf 92' lang='lat'><em>-</em></span> <span class='ocrx_word' id='word_1_516' title='bbox 1116 4150 1141 4200; x_wconf 78' lang='lat'><strong>2.</strong></span> <span class='ocrx_word' id='word_1_517' title='bbox 1165 4160 1231 4199; x_wconf 92' lang='lat' dir='ltr'><strong>non</strong></span> <span class='ocrx_word' id='word_1_518' title='bbox 1254 4142 1331 4203; x_wconf 79' lang='lat' dir='ltr'><strong>sine</strong></span> 
     </span>
     <span class='ocr_line' id='line_1_50' title="bbox 152 4211 1395 4286; baseline 0 -19"><span class='ocrx_word' id='word_1_519' title='bbox 152 4214 445 4283; x_wconf 85' lang='lat' dir='ltr'><strong>consuetudinem,</strong></span> <span class='ocrx_word' id='word_1_520' title='bbox 473 4218 523 4270; x_wconf 85' lang='lat' dir='ltr'><strong>ut:</strong></span> <span class='ocrx_word' id='word_1_521' title='bbox 552 4214 635 4269; x_wconf 80' lang='lat' dir='ltr'><strong>echte</strong></span> <span class='ocrx_word' id='word_1_522' title='bbox 665 4214 716 4268; x_wconf 86' lang='lat' dir='ltr'><strong>auf</strong></span> <span class='ocrx_word' id='word_1_523' title='bbox 766 4231 890 4284; x_wconf 82' lang='lat' dir='ltr'><strong>magna</strong></span> <span class='ocrx_word' id='word_1_524' title='bbox 912 4231 971 4284; x_wconf 87' lang='lat' dir='ltr'><strong>spe</strong></span> <span class='ocrx_word' id='word_1_525' title='bbox 999 4214 1202 4284; x_wconf 81' lang='lat' dir='ltr'><strong>magnisque</strong></span> <span class='ocrx_word' id='word_1_526' title='bbox 1228 4211 1330 4286; x_wconf 64' lang='lat' dir='ltr'><strong>prnsu-</strong></span> <span class='ocrx_word' id='word_1_527' title='bbox 1392 4261 1395 4267; x_wconf 90' lang='lat'>.</span> 
     </span>
     <span class='ocr_line' id='line_1_51' title="bbox 151 4283 1331 4363; baseline 0.004 -27"><span class='ocrx_word' id='word_1_528' title='bbox 151 4285 184 4337; x_wconf 90' lang='lat' dir='ltr'><strong>ut</strong></span> <span class='ocrx_word' id='word_1_529' title='bbox 197 4284 269 4338; x_wconf 89' lang='lat' dir='ltr'><strong>nach</strong></span> <span class='ocrx_word' id='word_1_530' title='bbox 287 4286 467 4341; x_wconf 87' lang='lat' dir='ltr'><strong>consuetudo.</strong></span> <span class='ocrx_word' id='word_1_531' title='bbox 487 4303 508 4339; x_wconf 90' lang='lat' dir='ltr'><strong>s.</strong></span> <span class='ocrx_word' id='word_1_532' title='bbox 524 4302 546 4339; x_wconf 87' lang='lat' dir='ltr'><strong>e.</strong></span> <span class='ocrx_word' id='word_1_533' title='bbox 562 4290 595 4340; x_wconf 87' lang='grc'><strong>36</strong></span> <span class='ocrx_word' id='word_1_534' title='bbox 610 4302 645 4338; x_wconf 84' lang='lat' dir='ltr'><strong>zu</strong></span> <span class='ocrx_word' id='word_1_535' title='bbox 658 4283 711 4338; x_wconf 88' lang='lat' dir='ltr'><strong>ius.</strong></span> <span class='ocrx_word' id='word_1_536' title='bbox 766 4284 856 4339; x_wconf 88' lang='lat' dir='ltr'><strong>miis:</strong></span> <span class='ocrx_word' id='word_1_537' title='bbox 876 4301 939 4339; x_wconf 89' lang='lat' dir='ltr'><strong>non</strong></span> <span class='ocrx_word' id='word_1_538' title='bbox 958 4285 1033 4340; x_wconf 85' lang='lat' dir='ltr'><strong>sine</strong></span> <span class='ocrx_word' id='word_1_539' title='bbox 1055 4285 1132 4340; x_wconf 84' lang='lat' dir='ltr'><strong>kann</strong></span> <span class='ocrx_word' id='word_1_540' title='bbox 1149 4286 1241 4342; x_wconf 78' lang='lat' dir='ltr'><strong>iibere.</strong></span> <span class='ocrx_word' id='word_1_541' title='bbox 1258 4286 1331 4363; x_wconf 57' lang='grc' dir='ltr'><strong>ιιᾴυμζ</strong></span> 
     </span>
     <span class='ocr_line' id='line_1_52' title="bbox 144 4344 1332 4437; baseline 0.007 -32"><span class='ocrx_word' id='word_1_542' title='bbox 144 4382 177 4390; x_wconf 85' lang='grc'><strong>-</strong></span> <span class='ocrx_word' id='word_1_543' title='bbox 197 4355 313 4409; x_wconf 77' lang='lat' dir='ltr'><strong>socios</strong></span> <span class='ocrx_word' id='word_1_544' title='bbox 330 4357 438 4424; x_wconf 81' lang='lat' dir='ltr'><strong>atque</strong></span> <span class='ocrx_word' id='word_1_545' title='bbox 456 4356 600 4410; x_wconf 81' lang='lat' dir='ltr'><strong>amicos:</strong></span> <span class='ocrx_word' id='word_1_546' title='bbox 621 4374 641 4410; x_wconf 92' lang='lat' dir='ltr'><strong>s.</strong></span> <span class='ocrx_word' id='word_1_547' title='bbox 657 4361 711 4410; x_wconf 60' lang='grc' dir='ltr'><strong>αἱ)</strong></span> <span class='ocrx_word' id='word_1_548' title='bbox 767 4355 822 4409; x_wconf 86' lang='lat' dir='ltr'><strong>den</strong></span> <span class='ocrx_word' id='word_1_549' title='bbox 840 4356 912 4410; x_wconf 85' lang='lat' dir='ltr'><strong>nach</strong></span> <span class='ocrx_word' id='word_1_550' title='bbox 931 4373 953 4412; x_wconf 90' lang='lat' dir='ltr'><strong>e.</strong></span> <span class='ocrx_word' id='word_1_551' title='bbox 969 4362 1003 4411; x_wconf 84' lang='grc'><strong>39</strong></span> <span class='ocrx_word' id='word_1_552' title='bbox 1019 4374 1052 4410; x_wconf 86' lang='lat' dir='ltr'><strong>zu</strong></span> <span class='ocrx_word' id='word_1_553' title='bbox 1065 4372 1122 4411; x_wconf 89' lang='lat' dir='ltr'><strong>non</strong></span> <span class='ocrx_word' id='word_1_554' title='bbox 1139 4344 1332 4437; x_wconf 61' lang='lat' dir='ltr'><strong>rnediocritan¹</strong></span> 
     </span>
    </p>
   </div>
   <div class='ocr_carea' id='block_1_4' title="bbox 0 0 1406 4778">
    <p class='ocr_par' dir='ltr' id='par_1_4' title="bbox 0 0 1406 4778">
     <span class='ocr_line' id='line_1_53' title="bbox 0 0 1406 4778; baseline 0 0"><span class='ocrx_word' id='word_1_555' title='bbox 0 0 1406 4778; x_wconf 95' lang='lat' dir='ltr'><strong> </strong></span> 
     </span>
    </p>
   </div>
  </div>
 </body>
</html>
