2804 4778
160 233 227 298 260
565 233 613 286 DE
632 231 751 287 BELLO
771 230 928 287 Gannico

125 413 141 461 3
161 419 196 462 eo
219 400 284 461 loco
308 400 421 461 abditas
444 401 475 458 in
503 399 576 459 locis
600 398 805 477 superioribus
830 399 1023 458 constituunt.
1069 396 1142 459 Erat
1165 416 1201 458 ex
1226 397 1340 477 oppido

160 490 257 549 Alesia
289 489 447 567 despectus
477 491 508 548 in
539 505 684 566 campum.
738 486 929 546 Concurrunt
959 486 1005 546 his
1035 485 1151 547 auxiliis
1182 488 1271 566 visis3
1306 488 1342 546 tit

161 577 319 657 gratulatio
347 580 426 638 inter
455 595 520 656 eos,
549 585 636 655 atque
665 577 798 636 omnium
821 577 910 635 animi
934 573 970 634 ad
993 574 1134 636 laetitiam
1157 578 1340 636 excitantur.

125 667 264 745 tltaque
283 665 437 745 productis
457 667 550 744 copiis
569 674 637 725 ante
656 663 797 743 oppidum
817 663 976 724 considunt
994 672 1024 724 et
1042 665 1206 742 proximam
1225 664 1339 724 lessam

162 754 294 816 cratibus
317 757 455 834 integunt
478 763 566 834 atque
590 770 696 831 aggere
721 752 840 832 explent
864 770 956 830 seque
979 752 1015 811 ad
1040 754 1227 831 eruptionem
1245 762 1338 831 atque

161 862 264 904 omnes
288 861 374 904 casus
398 852 578 922 comparant.
675 845 678 848 ’

251 929 302 992 80.
340 931 447 991 Caesar
475 933 556 990 omni
584 931 717 990 exercitu
748 929 783 988 ad
812 937 968 1008 utramque
996 939 1111 1008 partem
1135 932 1337 991 munitionum

162 1020 315 1100 disposito,
338 1028 380 1100 ut,
400 1022 426 1079 si
449 1038 522 1079 usus
541 1021 647 1098 veniat,
670 1036 758 1078 suum
777 1020 903 1096 quisque
922 1018 1021 1078 locum
1041 1026 1140 1078 teneat
1154 1028 1189 1079 et
1209 1022 1338 1099 noverit,

128 1112 329 1188 aequitatum
357 1127 393 1169 ex
422 1110 528 1168 castris
556 1108 644 1168 educi
672 1116 702 1167 et
728 1106 876 1185 proelium
900 1108 1044 1167 committi
1067 1106 1158 1167 iubet.
1204 1106 1277 1168 Erat
1300 1125 1337 1168 ex

164 1197 302 1258 omnibus
326 1198 440 1276 castris,
464 1214 539 1275 quae
559 1213 707 1256 summum
726 1194 858 1273 undique
877 1197 979 1274 iugum
998 1194 1148 1275 tenebant,
1167 1195 1338 1276 despectus,

127 1294 252 1364 eatque
276 1303 379 1345 omnes
403 1284 511 1345 milites
534 1287 641 1345 intenti
663 1301 780 1363 pugnae
802 1293 981 1362 proventum
1004 1283 1223 1362 exspectabant.
1263 1284 1338 1345 Galli

162 1377 241 1435 iuter
264 1376 382 1452 equites
405 1392 489 1433 raros
514 1375 681 1451 sagittarios
701 1372 913 1451 expeditosque
932 1371 1005 1432 levis
1028 1380 1194 1433 armaturae
1214 1375 1336 1434 interie-

163 1470 281 1543 cerant,
319 1465 370 1540 qui
405 1464 467 1522 suis
502 1461 677 1522 cedentibus
716 1460 824 1521 auxilio
857 1470 1070 1521 succurrerent
1103 1469 1132 1521 et
1164 1470 1338 1522 nostrorum

127 1563 145 1612 4
164 1552 297 1629 equitum
319 1553 449 1629 impetus
473 1552 664 1610 sustinerent
705 1549 749 1609 Ab
772 1549 819 1609 his
838 1549 1006 1628 complures
1029 1548 1066 1610 de
1089 1551 1251 1628 improviso
1276 1550 1338 1612 vul·

162 1641 259 1699 nerati
285 1639 398 1718 proelio
428 1638 617 1699 excedebant.
664 1637 739 1698 Cum
762 1655 832 1698 suos
856 1656 953 1717 pugna
977 1639 1149 1716 superiores
1172 1657 1239 1699 esse
1264 1638 1339 1700 Galli

163 1727 347 1787 confiderent
370 1735 400 1788 et
423 1736 542 1787 nostros
565 1727 754 1787 multitudiue
774 1729 870 1804 premi
888 1725 1032 1806 riderent,
1056 1744 1092 1786 cx
1111 1728 1250 1788 omnibus
1269 1747 1336 1807 par·

162 1815 243 1876 tibus
265 1825 303 1885 et¹
318 1818 348 1897 ii,
372 1817 423 1894 qui
446 1815 662 1876 munitionibus
681 1814 919 1894 continebantur,
943 1823 973 1875 et
996 1814 1036 1894 hi,
1060 1817 1111 1893 qui
1134 1815 1170 1876 ad
1194 1816 1339 1877 auxilium

129 1917 146 1966 5
166 1913 374 1985 convenerant,
394 1903 521 1964 clamore
541 1912 571 1964 et
589 1903 703 1964 ululatu
722 1921 845 1963 suorum
863 1905 976 1963 animos
996 1903 1218 1965 confirmabant.
1252 1904 1340 1976 Quod

165 1995 196 2053 in
220 2002 383 2072 conspectu
407 1994 538 2052 omnium
562 2010 611 2053 res
630 1991 789 2070 gerebatur
807 2010 905 2070 neque
924 2000 1006 2053 recte
1025 2010 1059 2052 ao
1079 1995 1208 2072 turpiter
1226 1993 1340 2056 factum

164 2081 254 2142 celari
283 2089 412 2161 poterat,
443 2090 588 2164 utrosque
618 2091 649 2141 et
678 2080 951 2159 laudis‘cupiditas
982 2089 1012 2142 et
1042 2083 1131 2141 timor
1158 2084 1340 2160 ignominiae

130 2171 201 2233 ead
232 2172 372 2230 virtutem
403 2168 577 2230 excitabant.
618 2168 699 2229 Cum
727 2187 743 2228 a
771 2169 894 2229 meridie
922 2185 1016 2248 prope
1044 2171 1080 2230 ad
1104 2170 1174 2230 solis
1198 2189 1341 2231 occasum

165 2258 255 2318 dubia
277 2260 399 2318 victoria
421 2265 619 2340 pugnaretur,
648 2257 787 2317 Germani
813 2275 872 2318 una
899 2260 931 2318 in
954 2265 1039 2337 parte
1063 2259 1206 2318 confertis
1231 2261 1340 2319 turmis

130 2348 195 2409 tin
219 2346 320 2407 hostes
343 2349 487 2424 impetum
511 2345 647 2406 lecerunt
675 2364 785 2424 eosque
813 2346 1024 2426 propulerunt3
1053 2346 1161 2426 quibus
1184 2348 1215 2406 in
1239 2348 1342 2426 lugam

128 2449 145 2499 8
165 2436 307 2494 coniectis
331 2436 474 2512 sagittarii
498 2435 693 2495 circumventi
712 2435 920 2514 interfectique
945 2443 1023 2495 sunt.
1064 2435 1139 2495 ltem
1158 2453 1193 2496 ex
1213 2435 1341 2516 reliquis

163 2521 299 2601 partibus
331 2524 427 2583 nostri
457 2522 597 2583 cedentes
627 2541 722 2602 usque
754 2522 790 2583 ad
820 2533 917 2584 castra
947 2525 1076 2584 insecuti
1106 2525 1153 2584 sui
1180 2523 1341 2604 colligendi

164 2766 236 2831 tung
255 2770 284 2829 6,
303 2767 319 2815 5
339 2779 374 2816 ne
394 2762 561 2832 (Ambiorix)
580 2764 728 2832 desperata
779 2762 839 2818 rit:
863 2779 954 2832 genau
977 2764 1068 2818 kenne
1091 2764 1148 2818 und
1169 2765 1265 2832 uisam
1291 2783 1341 2822 no·

165 2834 256 2888 salute
280 2849 309 2886 ee
332 2832 362 2886 in
380 2833 526 2904 Menapios
549 2834 673 2890 abderet.
692 2863 726 2874 -
780 2833 854 2890 verit
872 2833 909 2887 ist
926 2833 1124 2904 binzugefr'igt,
1147 2853 1196 2889 um
1221 2835 1267 2890 die
1286 2838 1340 2892 Be·

164 2903 305 2959 inloeis
320 2903 572 2972 superioribus:
588 2905 726 2960 descollis
781 2905 907 2973 deutung
934 2921 990 2958 von
1015 2906 1125 2974 teneat,
1151 2905 1197 2961 die
1223 2923 1253 2961 es
1277 2908 1341 2963 hier

165 2975 296 3030 exterior:
320 2974 489 3029 wiederhole
512 2975 562 3030 das
590 2984 614 3045 1,
639 2982 673 3029 10
693 2995 727 3029 zu
780 2976 843 3043 het,
866 2976 991 3044 konnen,
1014 2975 1172 3045 begreifen,
1195 2979 1286 3032 nahe:
1308 2997 1341 3033 zu

164 3063 268 3116 magno
305 3062 369 3099 cum
405 3045 531 3115 periculo
568 3045 726 3102 Bemerlrte.
779 3045 954 3101 bestimmen.
987 3077 1021 3086 —
1054 3053 1078 3100 3,
1094 3063 1203 3102 raros:
1223 3048 1339 3105 einzelm

165 3115 235 3186 „Die
249 3117 312 3170 loca
327 3116 471 3185 superiora
484 3116 546 3170 sind
557 3116 629 3172 ohne
641 3117 726 3172 Zwei-
781 3149 824 3184 ··,
843 3116 1106 3186 expeditosque:
1134 3119 1281 3188 expeditos
1304 3121 1341 3176 ist

165 3188 204 3242 fel
224 3186 270 3240 die
288 3187 388 3241 Hdhen
410 3203 466 3240 von
484 3187 578 3257 Musey
597 3187 655 3242 und
673 3188 727 3242 Ve-
782 3187 925 3242 Substant.
949 3218 984 3227 -
1008 3194 1033 3242 4.
1056 3189 1105 3242 Ab
1123 3189 1190 3244 his:
1213 3191 1340 3246 nttmlieh

131 3318 134 3323 ,
164 3259 278 3324 marey.“
302 3287 336 3296 -
356 3263 380 3311 3.
403 3257 449 3311 fit
471 3257 681 3327 gratulatio:
705 3277 725 3314 s.
781 3258 935 3328 sagittariis
955 3259 1150 3329 expeditisque
1163 3260 1236 3315 levis
1250 3279 1342 3317 arma-

166 3327 743 3396 6,29zusignifieatiofiat.-4.foe-.
780 3332 868 3384 turae.
902 3361 938 3370 -
975 3331 1179 3399 complures:
1214 3333 1342 3388 namlich

165 3415 233 3452 sam
255 3398 294 3451 ist
316 3399 366 3451 der
387 3398 426 3451 im
445 3397 559 3468 Anfang
581 3400 629 3454 des
648 3417 671 3454 c.
692 3407 725 3456 72
780 3402 940 3455 nostrorum
959 3400 1098 3469 equitum;
1122 3401 1192 3456 iiber
1215 3405 1341 3474 complu-

166 3468 359 3523 erw'ahnte.-
373 3468 602 3537 eruptionem:
618 3470 727 3540 „dieser
779 3488 825 3525 res
844 3489 864 3526 s.
885 3478 958 3540 6,’8.
981 3471 1232 3541 -superiores
1252 3490 1341 3529 esse:

165 3538 571 3608 Ausfallfandjedenfallsauf
582 3541 727 3597 derWest-
780 3542 826 3597 die
851 3542 957 3597 Gallier
981 3558 1077 3596 waren
1100 3541 1157 3597 fest
1178 3544 1343 3616 uberzeugt,

166 3609 235 3666 saite
259 3625 316 3665 von
339 3609 436 3664 Alesia
457 3610 488 3663 in
513 3610 563 3664 der
584 3611 727 3684 Richtung
781 3613 846 3668 dass
873 3613 933 3667 ihre
956 3613 1079 3668 Reiterei
1107 3613 1158 3668 der
1182 3616 1344 3672 rdmiscben

166 3681 218 3737 auf
233 3680 278 3736 die
296 3685 437 3750 genannte
456 3679 551 3736 Ebene
571 3684 668 3739 stett.“
779 3684 820 3738 im
843 3685 963 3754 Kampfe
989 3684 1143 3754 riberiegen
1170 3685 1223 3756 eei,
1253 3687 1344 3742 daher

780 3755 831 3810 der
853 3755 907 3810 inf.
928 3755 1022 3810 Praes.
1050 3787 1083 3795 —
1108 3760 1133 3809 5.
1160 3757 1344 3826 utrosque:

202 3824 269 3893 Cap.
290 3829 331 3878 80.
360 3829 383 3876 1.
397 3822 561 3878 exercitu
580 3826 656 3879 steht
674 3824 727 3880 mit
780 3825 902 3895 Beispiel
920 3827 966 3880 fiir
980 3826 1034 3880 den
1048 3826 1196 3882 Gabranoh
1211 3827 1261 3883 des
1276 3828 1361 3884 Plu--

166 3894 323 3963 equitatum
354 3893 395 3947 im
424 3893 588 3964 Gegensatz.
617 3927 651 3936 —
684 3897 726 3950 ad
779 3897 837 3951 rals
859 3915 916 3952 von
937 3900 1063 3966 uterque.
1088 3929 1122 3937 -
1145 3898 1258 3953 leudis
1284 3917 1345 3954 cu-

165 3968 424 4035 utramque-
463 3967 725 4021 munitionum:
781 3967 914 4037 piditas
938 3971 972 4022 et
994 3967 1097 4023 timor
1114 3967 1343 4038 ignominiae:

166 4037 240 4090 nach
264 4037 314 4090 der
339 4053 430 4107 gegen
458 4037 513 4091 den
539 4037 637 4091 innern
668 4038 726 4092 und
779 4038 849 4093 iiber
867 4038 914 4093 die
927 4038 1132 4121 Wortstellung
1149 4038 1229 4094 siehe
1248 4047 1272 4109 6,
1293 4047 1344 4110 123

165 4107 239 4161 uach
257 4107 306 4160 der
324 4124 415 4176 gegen
433 4107 488 4161 den
506 4112 619 4163 tussam
637 4107 725 4163 noina
780 4109 889 4164 sodann
915 4111 1007 4178 geben
1032 4109 1172 4179 cupiditas
1199 4114 1229 4165 et
1255 4112 1345 4168 timor

167 4178 342 4246 geriehteten
365 4178 672 4248 Verschanzungslinie.
691 4210 725 4220 —-
780 4181 991 4235 -excitabant
1009 4180 1192 4251 einBaispiel
1211 4199 1245 4236 zu
1260 4183 1341 4239 einer

167 4248 196 4301 si
218 4266 297 4302 usus
317 4248 590 4318 (Nothwendiglxeit,
609 4249 725 4304 Bediirl-
779 4251 869 4321 Regel
891 4251 941 4306 der
963 4251 1148 4308 Grammatilx.
1171 4283 1204 4292 -
1229 4260 1255 4309 8.
1285 4272 1342 4311 ce·

166 4317 233 4386 nise)
252 4319 382 4374 veniat:
401 4319 456 4388 vgl.
476 4319 529 4374 mit
546 4319 638 4375 dieser
659 4321 725 4375 For·
781 4322 903 4377 dentes
921 4322 960 4377 iet
979 4323 1121 4378 Substant.
1141 4354 1175 4363 -
1194 4325 1247 4378 sui
1271 4327 1343 4381 col-

166 4389 223 4442 mel
237 4407 270 4442 zu
284 4395 342 4456 4,2,
353 4395 378 4442 3,
395 4392 556 4473 -teneat
574 4393 607 4445 et
625 4408 726 4447 nove·
744 4407 747 4414 ’
779 4392 914 4463 ligendi
933 4393 1151 4450 fucultatem:
1170 4395 1215 4449 fur
1233 4397 1342 4452 welche
