2804 4778
520 229 588 283 LIB.
607 228 640 283 V.
669 228 748 283 CAP.
768 232 846 283 2-4,
1206 224 1269 290 129

95 399 217 459 adducti
237 406 266 457 et
290 396 416 457 adventu
435 397 531 456 nostri
550 397 699 455 exercitus
718 396 871 474 perterriti
895 392 929 454 ad
950 393 1105 454 Caesarem
1124 403 1270 454 venerunt

97 496 129 548 et
153 487 188 546 de
213 488 275 546 suis
298 487 435 564 privatim
458 483 549 544 rebus
572 483 664 543 abeo
687 491 790 562 petere
810 491 982 561 coeperunt,
1002 485 1140 562 quoniam
1160 484 1270 543 civitati

97 575 255 636 consulere
279 592 339 634 non
362 582 493 654 possent,
516 574 643 650 veritus,
666 590 703 631 ne
728 570 763 630 ab
788 571 925 631 omnibus
949 571 1154 650 desereretur,
1182 571 1270 631 lndu·

97 667 241 725 tiomarus
264 662 376 742 legatos
400 662 435 722 ad
455 660 610 722 Caesarem
633 662 736 720 mittit:
759 678 824 720 sese
846 659 958 719 idcirco
980 660 1016 720 ab
1036 662 1098 721 suis
1117 659 1269 720 discedere
1290 668 1305 717 6

97 762 187 830 atque
212 752 248 812 ad
272 770 341 812 eum
359 753 460 811 venire
484 749 625 830 noluisse,
648 767 707 828 quo
726 748 841 808 facilius
863 750 1012 809 civitatem
1034 751 1065 808 in
1084 749 1182 809 officio
1201 767 1270 809 con·

98 844 223 921 tineret,
247 859 284 900 ne
308 841 404 899 omnis
429 838 590 899 nobilitatis
619 837 753 898 discessu
780 835 864 915 plebs
892 846 1015 917 propter
1043 837 1273 915 imprudentiam

98 928 264 1008 laberetur3
287 930 386 1006 itaque
411 946 476 988 esse
501 929 647 987 civitatem
671 928 702 985 in
725 944 778 986 sua
801 934 961 1007 potestate,
985 944 1124 1005 seseque,
1152 928 1178 985 si
1201 925 1305 986 Cae-'t

100 1036 153 1095 sar·
171 1019 367 1096 permitteret,
391 1015 426 1076 ad
451 1034 519 1076 eum
542 1018 573 1075 in
597 1023 693 1075 castra
716 1023 884 1094 venturum,
910 1033 978 1075 suas
1003 1016 1188 1093 civitatisque
1213 1015 1270 1074 lor·

98 1114 186 1167 tuuas
209 1109 274 1166 eius
297 1104 366 1165 fidei
388 1108 614 1184 permissurum.

188 1208 218 1271 4.
243 1210 359 1290 Caesar,
382 1213 439 1271 etsi
462 1209 660 1289 intellegebat,
682 1227 740 1287 qua
760 1209 795 1269 de
820 1228 907 1269 causa
931 1228 965 1269 ea
984 1209 1164 1283 dicerentur,
1184 1227 1271 1288 quae·

99 1319 157 1379 que
178 1319 246 1360 eum
270 1319 319 1359 res
342 1299 379 1359 ab
402 1301 538 1360 instituto
559 1297 682 1358 oonsilio
702 1298 876 1376 deterreret,
896 1306 1005 1378 tamen,
1023 1317 1061 1358 ne
1081 1306 1223 1358 aestatem
1241 1300 1272 1357 in

100 1389 239 1448 Treveris
254 1406 429 1449 consumere
450 1396 608 1466 cogeretur
627 1385 765 1446 omnibus
785 1386 820 1446 ad
835 1385 1037 1447 Britannicum
1057 1385 1167 1447 bellum
1182 1386 1273 1447 rebus

100 1479 291 1556 comparatis,
319 1476 554 1537 Indutiomarum
585 1475 620 1535 ad
654 1494 685 1535 se
719 1493 788 1535 cum
818 1474 954 1536 ducentis
987 1474 1139 1535 obsidibus
1171 1477 1272 1535 venire

99 1567 195 1626 iussit.
241 1564 294 1624 His
317 1565 460 1647 adductio,
483 1567 514 1624 in
538 1567 574 1624 iis
598 1563 657 1624 filio
680 1566 916 1643 propinquisque
940 1566 1005 1624 eius
1028 1563 1174 1643 omnibus,
1199 1582 1273 1643 quos
1293 1575 1308 1622 2

100 1655 274 1714 nominatim
294 1663 473 1736 evocaverat,
493 1652 662 1714 consolatus
680 1652 916 1713 Indutiomarum
939 1652 1134 1732 hortatusque
1157 1661 1211 1732 est,
1230 1655 1274 1713 uti

100 1745 132 1802 in
156 1743 253 1802 officio
277 1752 423 1822 maneret,
447 1742 538 1802 nihilo
563 1750 661 1802 tamen
686 1743 784 1801 secius
807 1741 992 1820 principibus
1015 1741 1214 1801 Treverorum
1239 1741 1274 1801 ad
1294 1753 1309 1800 3

101 1849 133 1890 se
171 1832 338 1890 convocatis
374 1830 429 1890 hos
466 1828 635 1908 singillatim
664 1828 845 1908 Cingetorigi
883 1830 1061 1911 conciliavit,
1094 1830 1174 1908 quod
1207 1847 1275 1889 cum

101 1921 208 1978 merito
242 1921 306 1977 eius
344 1936 360 1977 a
392 1936 423 1978 33
456 1919 521 1978 lieri
553 1916 755 1996 intellegebat,
793 1925 855 1977 tum
894 1920 992 1995 magni
1019 1920 1164 1977 interesse
1199 1917 1275 1977 arhi-

101 2006 236 2066 trabatur
273 2008 337 2066 cius
374 2008 580 2066 auctoritatem
617 2007 696 2064 inter
737 2022 808 2064 suos
846 2023 935 2083 quam
971 2005 1132 2083 plurimum
1169 2005 1276 2084 valere,

102 2097 188 2154 errius
221 2102 281 2154 tam
305 2096 452 2173 egregiam
480 2096 511 2152 in
540 2111 571 2152 se
599 2092 781 2152 voluntatem
807 2095 1016 2172 perspexisset.
1062 2093 1095 2153 ld
1123 2093 1190 2153 tulit
1218 2094 1312 2153 sac-4

103 2192 166 2243 tum
198 2184 327 2260 graviter
354 2183 587 2262 indutiomarus,
623 2198 707 2240 suam
738 2183 860 2258 gratiam
894 2183 972 2241 inter
1005 2200 1074 2242 suos
1107 2183 1214 2262 minui,
1246 2190 1276 2241 et

102 2423 166 2472 rus,
190 2404 231 2458 313
249 2404 329 2458 nieht
347 2420 402 2458 von
421 2404 506 2459 cesar
524 2404 662 2474 gesohrie·
716 2404 845 2460 Nervico.
866 2435 898 2445 -
923 2412 948 2459 2.
972 2408 1185 2461 consolatus:
1207 2407 1277 2461 iiber

103 2477 171 2556 ben,
194 2475 224 2530 in
246 2476 410 2558 1113333333
432 2475 486 2530 ein.
510 2506 543 2514 -
574 2482 598 2532 5,
623 2475 663 2529 de
718 2475 777 2530 sein
795 2476 1077 2558 und,der„·Seinigen
1103 2479 1159 2546 (die
1178 2495 1207 2532 er
1226 2478 1278 2532 mit

76 2563 184 2673 stit
202 2547 525 2686 tittttttttttt
538 2562 663 2687 ittet:
716 2547 1004 2672 {tiltrtth
1017 2549 1156 2688 ”itit
1163 2549 1276 2700 ,111ἓῖ

103 2706 171 2747 vum
203 2685 325 2758 (eigene‚
357 2688 510 2743 besondere
542 2689 663 2758 Auget),
718 2688 793 2743 diesb
813 2689 949 2769 gohbrten
966 2689 1130 2771 wohl„wie
1149 2689 1208 2770 33313
1228 2706 1277 2742 nus

102 2758 663 2898 11ἷέ133131931111113Ῑ3111ἓ111
717 2758 1277 2898 itutruamurtritten
1309 2880 1318 2895 .

104 2931 137 2942 -
167 2900 278 2954 mittit
304 2900 345 2952 im
371 2902 547 2969 prignanten
569 2898 663 2953 Sinne.
716 2918 777 2966 rus,
801 2900 854 2953 rnit
876 2899 940 2954 dem
960 2900 999 2956 sie
1024 2902 1054 2955 in
1072 2900 1169 2956 (1133333
1187 2902 1279 2970 Lnger

104 3002 138 3010 —
159 2979 183 3025 6.
203 2971 369 3025 discessu:
393 2971 487 3025 ablat.
507 2971 555 3023 des
574 2969 663 3023 (1333-
718 2971 886 3041 gekommen
904 2988 1007 3028 waren.
1026 3004 1060 3012 -
1083 2973 1175 3027 Ueber
1200 2989 1277 3027 con·

104 3043 162 3096 des.
187 3071 220 3081 -
247 3041 439 3095 laberetur:
465 3041 546 3094 einen
564 3040 665 3094 Fehler
717 3040 855 3095 vocetis
883 3042 944 3097 hos
971 3045 1042 3098 statt
1068 3043 1189 3098 blossem
1213 3060 1277 3098 con·

104 3112 245 3185 begehen,
272 3112 310 3165 ist
338 3110 383 3165 ein
412 3110 664 3180 euphemistisoher
718 3114 833 3166 rocetos
853 3111 1019 3182 3131333,14
1037 3113 1213 3168 3313331133
1231 3131 1277 3168 ex·

104 3182 252 3237 Ausdruck
265 3182 311 3236 fiir
325 3182 491 3250 „abfsllen“.
507 3213 540 3221 —
557 3188 581 3236 1.
595 3181 664 3235 133·
719 3182 814 3237 3113113
834 3185 945 3241 -1333,
969 3215 1002 3224 -
1027 3201 1096 3238 cunr
1123 3185 1278 3254 entspricht

104 3256 220 3308 tonas:
239 3252 315 3308 siehe
335 3259 359 3321 1,
380 3259 421 3322 11,
441 3261 456 3307 6
475 3271 509 3307 zu
528 3253 553 3306 d.
573 3253 664 3307 Wort.
719 3254 784 3308 dem
810 3254 962 3324 folgenden
988 3256 1061 3321 tum;
1096 3256 1182 3325 vergl.
1209 3257 1278 3310 iiber

105 3355 139 3364 -
177 3325 250 3378 eius
286 3323 373 3377 fidei
405 3323 664 3392 permissurum:
720 3324 1277 3395 diesePsrtilrelverbindungt,16.-

105 3395 197 3449 werde
219 3395 278 3448 ihm
298 3395 349 3448 331
364 3395 438 3450 Trou
461 3395 519 3449 und
538 3394 664 3449 Glcuben
719 3392 842 3450 merito
862 3426 895 3434 -
909 3396 1012 3450 ’113313
1036 3414 1066 3451 33
1091 3413 1120 3451 33
1138 3397 1277 3453 verdiene.

105 3466 280 3534 iibergebenr
302 3466 373 3520 iiber
395 3466 463 3520 fides
483 3484 503 3520 s.
523 3472 553 3535 4,
572 3472 605 3519 21
632 3484 666 3519 nu
720 3466 882 3536 -magni
900 3466 1279 3538 interesse:Beispiolfiir
1378 3504 1379 3508 1

105 3536 190 3589 fidem
209 3538 416 3604 3331333133.ηρ
435 3539 616 3591 venturum
632 3567 665 3576 -
720 3536 766 3590 (113
777 3535 972 3592 (133313331133
987 3555 1042 3592 von
1055 3538 1204 3606 interesse3
1219 3555 1279 3592 ver·

105 3605 366 3676 permissurum:
385 3607 454 3660 iiber
473 3607 666 3676 (1331333313-
720 3607 830 3677 gleiche
862 3607 957 3663 hieran
987 3609 1045 3663 und
1077 3628 1125 3663 zur
1151 3610 1278 3664 Vervoll·

105 3676 295 3744 1333131334,
315 3677 486 3746 21131333.
719 3678 892 3748 stttndigung
918 3679 967 3734 der
994 3679 1189 3734 construction
1214 3685 1242 3747 6,
1263 3685 1277 3732 1

143 3746 209 3815 Cap.
229 3752 254 3800 4.
279 3753 302 3800 1.
322 3746 400 3801 31313
424 3747 493 3803 iiber
512 3746 565 3802 3131
589 3747 666 3801 siehe
719 3748 816 3816 magni
842 3749 978 3804 interesse
1001 3781 1036 3790 -
1059 3751 1095 3805 od
1119 3750 1279 3819 opinionem

105 3826 131 3886 3,
151 3817 283 3875 243311.
303 3815 347 3870 W.
370 3848 400 3856 -
423 3835 488 3886 quo
506 3819 545 3873 de
565 3833 666 3872 33333
720 3819 886 3875 (1311133.-
906 3821 1154 3890 perspexisset:
1172 3837 1279 3874 warum

105 3891 167 3943 iibs.
187 3888 259 3942 nach
273 3894 299 3954 2,
314 3894 331 3941 4
345 3906 380 3946 zu
397 3890 533 3956 quantam
547 3919 581 3930 —
595 3888 665 3943 mul·
720 3890 769 3945 der
784 3889 964 3961 Oonjunctiv,
983 3893 1033 3946 der
1052 3891 1124 3945 33313
1142 3891 1215 3945 ohne
1234 3890 1279 3944 die

105 3959 257 4015 titudinem
284 3959 341 4012 und
374 3965 401 4027 1,
428 3966 476 4029 46,
504 3966 521 4014 4
548 3965 586 4013 nu'
611 3975 666 4027 que
720 3963 789 4016 3331.
805 3961 891 4030 obliq.
909 3963 1009 4016 stehen
1026 3963 1277 4030 3111331313.4,21

106 4029 275 4098 arrogantia.
299 4060 334 4069 -
361 4030 528 4086 instituto
556 4031 595 4085 ist
617 4029 666 4084 be·
720 4050 753 4085 nu
786 4033 911 4088 auderet.
959 4032 1096 4086 Censalen
1130 4031 1198 4085 Sinn
1229 4033 1281 4086 het

105 4102 181 4156 tont:
214 4099 387 4169 vergleiohe,
416 4101 504 4156 demit
531 4118 560 4156 es
587 4101 667 4156 recht
720 4103 816 4157 weiter
834 4105 921 4158 unten
938 4103 1075 4157 fnisset.
1092 4133 1124 4141 -
1144 4109 1170 4156 4.
1190 4120 1280 4157 susm

105 4170 232 4226 deutlich
250 4171 333 4240 wind,
357 4178 388 4240 2,
407 4177 439 4225 21
465 4191 499 4226 33
516 4172 666 4242 pugnanti·
721 4203 754 4213 -
774 4173 895 4230 minui:
919 4175 969 4227 des
993 4173 1169 4227 Verhttltniss
1193 4173 1281 4229 dieses
1308 4208 1310 4213 ·

105 4244 168 4296 bus.
196 4273 229 4282 -
263 4244 445 4311 cogeretur
475 4243 565 4298 iibers.
595 4243 666 4297 noch
721 4244 818 4298 Setaea
838 4262 872 4297 nu
895 4245 958 4298 dem
977 4244 1225 4314 vorhergehenden
1243 4245 1281 4300 ist
1387 4278 1389 4283 <

106 4331 130 4368 3.
157 4318 171 4366 1
198 4331 233 4366 33
256 4316 449 4369 commoratus.
473 4345 508 4354 -
530 4314 572 4368 ad
593 4313 667 4367 Bri·
721 4313 808 4368 leicht
831 4333 866 4368 zu
885 4315 1033 4374 erkennen.
1070 4314 1236 4384 Vergleiohe
1258 4323 1283 4376 1,

105 4382 281 4439 tannioum
300 4383 440 4439 bellum:
460 4384 536 4440 siehe
554 4391 580 4452 3,
599 4389 615 4437 o
635 4401 668 4437 nu
723 4391 738 4438 5
765 4403 797 4438 zu
824 4389 857 4441 ut
880 4390 1047 4442 333331.-
1073 4388 1111 4441 eb
1134 4387 1214 4451 333.
1235 4383 1306 4432 uuo

161 4480 260 4522 Osnsnn
273 4492 305 4522 nn
319 4493 340 4523 3.
356 4493 427 4524 osan.
1072 4480 1092 4527 1
