2804 4778
476 233 543 289 cra.
563 235 583 288 1.
615 232 692 288 oar.
712 239 826 288 atr-so.
1061 223 1062 226 ‘
1191 234 1234 299 47

61 397 119 458 boc
152 406 216 457 erat
244 416 375 479 pugnae,
407 416 465 477 qno
498 417 531 458 se
560 399 700 459 Germani
733 408 936 461 exercuerant.
982 401 1124 479 Equitum
1157 402 1236 462 milia

63 493 148 546 erant
170 504 231 566 sex,
255 485 377 546 totidem
402 504 526 547 numero
555 487 671 566 pedites
699 487 875 548 velocissimi
903 507 937 548 ac
966 489 1133 571 fortissimi,
1161 508 1236 568 quos

63 593 100 634 ex
123 576 204 634 omni
227 577 311 653 eopia
335 574 444 654 singuli
467 576 598 653 singulos
622 593 693 636 suae
717 576 820 637 salutis
848 594 936 637 causa
960 576 1144 656 delegerant:
1168 597 1236 638 oum

62 663 109 722 his
132 664 163 722 in
187 662 308 742 proeliis
336 663 538 724 versabantur.
584 664 628 723 Ad
651 682 703 724 eos
727 683 758 724 se
783 668 899 743 equites
922 665 1119 743 recipiebant:
1142 666 1186 747 hi,
1210 669 1235 726 si
1254 680 1270 728 6

63 751 134 829 quid
163 759 227 811 erat
254 751 372 832 donus,
399 751 631 834 concurrebant,
660 755 685 812 si
713 755 764 831 qui
796 755 930 832 graviore
960 754 1083 814 vulnere
1113 762 1235 834 accepto

62 857 139 917 equo
163 839 327 920 deciderat,
355 840 627 921 circumsistebant3
655 844 681 901 si
709 850 857 919 quaerat
884 841 1000 920 longius
1028 842 1271 920 prodeundumr
1321 902 1325 911 ,

62 935 114 988 aut
138 927 264 988 celerius
287 928 506 1008 recipiendum,
530 936 610 989 tanta
634 937 697 989 erat
726 930 833 991 borum
857 932 1067 991 exercitatione
1092 931 1237 1012 celeritas,
1307 980 1313 991 .

63 1024 96 1076 ut
119 1014 198 1076 iubis
222 1034 368 1094 equorum
392 1015 536 1077 sublevati
560 1036 680 1079 cursum
704 1017 911 1097 adaequarent.

152 1100 204 1164 49.
227 1103 284 1164 Ubi
313 1123 380 1165 eum
410 1107 515 1165 eastris
543 1124 574 1165 se
604 1114 707 1166 tenere
736 1106 843 1166 Caesar
870 1106 1029 1187 intellexit,
1057 1125 1094 1167 ne
1125 1106 1236 1167 diutius

62 1200 228 1252 commeatu
257 1192 481 1273 prohiberetur,
512 1193 588 1253 ultra
618 1213 685 1255 eum
718 1195 830 1276 locum,
858 1214 917 1274 quo
946 1198 975 1255 in
1004 1195 1068 1255 loco
1098 1195 1237 1255 Germani

63 1281 268 1361 consederant,
287 1284 407 1342 circiter
425 1300 531 1360 passus
551 1290 707 1343 sexcentos
726 1282 762 1342 ab
785 1286 831 1364 iio,
851 1286 956 1344 castris
974 1283 1115 1344 idoneum
1138 1283 1238 1343 locum

62 1368 173 1447 delegit
195 1371 317 1448 acieque
341 1370 451 1449 triplici
474 1373 619 1431 instructa
642 1371 679 1431 ad
704 1389 772 1431 eum
795 1371 893 1432 locum
920 1374 1008 1432 venit.
1054 1371 1184 1432 Primam
1208 1380 1237 1431 et
1256 1385 1272 1433 2

62 1458 224 1517 secundam
248 1460 341 1518 aciem
363 1461 395 1518 in
418 1461 508 1519 armis
532 1476 612 1540 esse,
635 1462 753 1520 tertiam
782 1468 877 1520 castra
902 1462 1018 1521 munire
1041 1462 1136 1520 iussit.
1181 1460 1237 1520 llic
1256 1475 1272 1523 3

62 1546 146 1606 locus
170 1545 205 1606 ab
235 1545 321 1606 hoste
346 1549 466 1608 circiter
493 1565 599 1626 passus
627 1557 796 1629 sexcentos,
826 1551 870 1609 uti
898 1548 1010 1610 dictum
1038 1557 1100 1629 est,
1127 1548 1237 1609 aberat.

62 1633 106 1694 Eo
137 1636 258 1696 circiter
286 1635 440 1695 hominum
469 1654 593 1697 numero
623 1637 753 1697 sedecim
783 1637 861 1697 milia
892 1637 1027 1716 expedita
1058 1655 1127 1697 cum
1157 1639 1237 1696 omni

63 1725 198 1801 equitatu
216 1725 382 1785 Ariovistus
405 1726 494 1798 misit,
514 1743 589 1803 quae
609 1728 711 1805 copiae
730 1733 849 1786 nostros
868 1733 1074 1804 perterrerent
1093 1735 1122 1785 et
1142 1728 1237 1785 muni-

37 1814 143 1871 -tione
173 1811 375 1890 prohiberent.
430 1812 529 1872 Nihilo
566 1816 665 1874 secius
703 1813 824 1896 Caesar,
860 1823 894 1875 ut
931 1823 998 1874 ante
1034 1816 1274 1894 constituerat,4

64 1899 137 1960 duas
161 1902 239 1960 acies
263 1900 379 1961 hostem
401 1901 591 1983 propulsare,
618 1904 736 1963 tertiam
760 1920 835 1981 opus
863 1902 1008 1981 perlicere
1032 1904 1127 1962 iussit.
1173 1901 1272 1963 Mna

62 1990 135 2047 uitis
159 1990 265 2048 castris
288 1990 361 2050 duas
383 1988 424 2049 ibi
448 1989 579 2068 legiones
602 1990 724 2068 reliquit
747 1998 778 2049 et
799 1999 915 2069 partem
938 1990 1130 2069 auxiliorum,
1154 1997 1236 2067 quat-

63 2085 132 2136 tuor
156 2077 286 2155 reliqnas
308 2079 339 2137 in
363 2085 459 2137 eastra
481 2080 593 2137 maiora
616 2077 743 2138 reduxit.

152 2160 204 2225 50.
228 2163 367 2226 Proximo
390 2164 438 2224 die
457 2167 594 2226 instituto
618 2184 672 2226 suo
693 2165 800 2226 Caesar
822 2184 838 2226 e
858 2168 963 2227 castris
981 2167 1117 2244 utrisque
1137 2168 1237 2245 copias

63 2270 133 2312 suas
162 2251 263 2313 eduxit
290 2253 470 2332 paulumque
499 2272 515 2313 a
543 2253 704 2314 maioribus
733 2257 838 2315 castris
865 2273 1044 2334 progressus
1073 2256 1166 2314 aciem
1193 2256 1237 2314 iu-

64 2342 188 2420 struxit,
211 2339 347 2401 hostibus
375 2343 526 2420 pugnandi
553 2351 732 2422 potestatem
755 2345 834 2405 lecit.
879 2343 937 2404 Ubi
964 2361 1002 2404 ne
1031 2351 1093 2403 turn
1117 2336 1272 2421 quidemh

63 2447 114 2489 eos
143 2427 262 2508 prodire
290 2429 448 2511 intellexit,
476 2433 596 2492 circiter
628 2432 782 2492 meridiem
811 2435 976 2492 exercitum
1004 2434 1036 2492 in
1067 2438 1163 2491 castra
1191 2449 1237 2491 re-

63 2517 155 2578 duxit.
202 2517 278 2577 Turn
312 2519 431 2579 demum
461 2519 626 2580 Ariovistus
656 2527 773 2599 partem
807 2539 928 2581 suarum
963 2523 1129 2600 copiarum,
1161 2537 1236 2598 quae

63 2615 160 2666 castra
182 2608 297 2667 minora
320 2617 514 2688 oppugnaret,
536 2611 625 2669 misit.
672 2609 788 2669 Acriter
814 2611 965 2688 utrimque
994 2627 1090 2686 usque
1113 2607 1150 2667 ad
1172 2625 1236 2667 ves·

63 2713 168 2773 perum
192 2703 354 2774 pugnatum
383 2705 437 2755 est.
484 2695 561 2756 Solis
589 2714 697 2757 occasu
721 2715 789 2756 suas
817 2699 917 2776 copias
940 2698 1105 2756 Ariovistus
1136 2694 1272 2756 multisa

62 2899 126 2953 lio:
150 2901 220 2955 iiber
242 2900 293 2953 das
316 2900 480 2968 Asyndeion
502 2920 523 2955 s.
547 2917 570 2955 c.
591 2907 624 2956 18
679 2902 771 2971 ginta,
796 2901 923 2970 dagegan
946 2899 1268 2969 steht4,1singnla,

64 2969 163 3025 concil.
183 2970 263 3036 dim,
283 2969 396 3024 Liscum
413 2970 525 3024 retinet.
545 3001 578 3010 -
598 2977 622 3026 5.

63 3041 142 3094 hoo:
156 3041 297 3164 icipanda.
308 3071 341 3080 —
353 3041 465 3109 copia:
481 3040 624 3111 Trnppen-

63 3127 173 3181 mange,
210 3127 419 3181 ruppenmasse.
435 3143 468 3151 -
484 3112 623 3166 salutis:

64 3182 175 3237 Schuix.
199 3213 234 3241 ,-
259 3189 283 3237 6.
304 3183 451 3252 eqnibes:
475 3184 558 3237 sohte
577 3183 627 3237 auf

63 3252 110 3308 die
134 3248 263 3323 Stellung
286 3253 335 3308 des
360 3253 488 3323 Subjeets
517 3255 624 3322 equites

63 3325 102 3378 im
113 3324 231 3378 zweiten
239 3324 319 3379 Seiae
329 3341 384 3379 von
393 3325 506 3380 solohen
513 3325 623 3393 Sbhzen,

62 3394 108 3448 die
131 3395 161 3448 in
179 3395 270 3449 einana
293 3396 536 3465 gegensittzliohen
554 3397 623 3451 Ver·

63 3465 183 3520 hialbniss
198 3466 304 3520 slehen.
322 3467 418 3536 Vergl.
433 3482 456 3522 o.
471 3474 506 3521 24
521 3469 548 3521 d.
558 3467 623 3521 Anf.

64 3567 98 3575 —
123 3537 151 3589 si
174 3535 256 3604 qnid
280 3538 356 3590 ersi
380 3537 511 3593 durius:
543 3555 625 3592 wenn

64 3623 94 3660 es
114 3607 201 3660 etwas
218 3606 296 3676 hart,
314 3606 411 3662 hbrtsr
425 3609 477 3675 (als
492 3609 623 3678 gewdhn-

63 3677 132 3745 lieh)
150 3676 276 3746 herging.
289 3708 321 3717 —
337 3684 361 3731 7.
376 3678 624 3747 recipiendum:

63 3747 120 3801 den
137 3746 272 3817 Rticlxzng
289 3747 416 3802 nehmw.
438 3779 470 3788 -
495 3748 624 3803 exerci-

63 3817 214 3872 tatione:
234 3836 254 3872 s.
275 3836 310 3872 zu
328 3834 351 3872 o.
366 3824 408 3874 39.
425 3851 458 3859 -
478 3835 624 3873 cursumr

64 3889 137 3944 auch
156 3889 226 3944 mxu
244 3888 322 3943 zieha
341 3906 483 3958 equorum.

101 3959 166 4029 Cap.
178 3966 221 4015 49.
237 3967 260 4015 1.
271 3961 393 4027 locum,
408 3977 473 4030 quo
486 3961 521 4015 in
534 3961 624 4016 loco:

65 4048 86 4085 s.
106 4047 129 4085 c.
150 4037 165 4085 6
186 4048 221 4085 nu
244 4030 345 4100 quibus
368 4031 523 4087 itineribus.
543 4063 577 4071 -
597 4039 622 4086 2.

64 4100 218 4157 tertiam:
237 4102 343 4157 welche
361 4104 414 4157 Ari
432 4102 481 4158 des
499 4103 624 4172 Asynde·

65 4175 133 4226 ton?
153 4202 186 4255 ‘.
206 4178 231 4227 3.
250 4189 402 4227 numero:
422 4191 444 4255 ε.
459 4192 494 4227 nu
512 4190 535 4228 o.
550 4179 574 4229 5.
590 4205 625 4214 -

65 4243 245 4368 arlia:
265 4243 510 4396 cliiiii‘ldu
528 4245 624 4383 itti?

65 4384 168 4438 ebanso
187 4390 212 4452 2,
228 4391 244 4438 4
262 4387 342 4440 mxha
360 4387 469 4440 armato
488 4385 624 4456 quinqua·

677 2971 758 3026 milia
780 2975 959 3026 armatorum.
1002 2970 1060 3024 Das
1084 2969 1137 3024 mit
1159 2968 1239 3024 mille

677 3043 707 3096 in
726 3042 864 3111 gleiobem
881 3041 967 3096 Casus
982 3041 1116 3095 slehende
1128 3040 1239 3095 Nomen

677 3112 716 3167 na
738 3114 780 3168 als
802 3112 864 3167 eine
886 3113 939 3167 Ari
961 3111 1131 3182 Apposition
1154 3129 1237 3165 annu·

678 3185 771 3238 seben.
791 3213 825 3224 -
844 3191 869 3238 4.
889 3201 972 3253 opus
991 3209 1025 3228 =
1043 3181 1236 3236 munitionem.

678 3286 712 3295 —
732 3260 757 3309 5.
776 3254 839 3310 ibi:
858 3273 878 3310 s.
898 3272 921 3310 c.
942 3260 974 3309 38
994 3271 1028 3307 nn
1048 3253 1074 3306 d.
1094 3253 1184 3307 Worb.
1204 3284 1237 3292 —

677 3327 793 3380 costra
820 3325 961 3380 maiora:
988 3325 1029 3378 im
1051 3325 1084 3378 D.
1109 3326 1183 3378 seiza
1212 3323 1237 3379 d.

677 3396 799 3464 Positiv3
827 3413 934 3450 warum
958 3397 1018 3451 also
1048 3395 1097 3449 der
1120 3393 1237 3463 Compa-

678 3468 774 3522 rabir?

715 3537 781 3608 Cap.
797 3543 840 3592 50.
860 3544 883 3591 1.
898 3537 1064 3591 instituio
1079 3553 1152 3590 suo:
1171 3535 1234 3590 Abl.

678 3609 727 3663 des
760 3608 900 3663 Grandes:
933 3607 1022 3662 seiner
1055 3600 1240 3661 Gawohnheib

677 3679 794 3748 nniolge.
834 3679 928 3747 Vergl.
948 3679 997 3732 das
1017 3684 1047 3745 6,
1066 3683 1099 3731 27
1119 3696 1155 3730 zu
1173 3693 1236 3730 con·

678 3750 825 3805 suetudine
838 3749 996 3804 Bamerkbe.
1015 3746 1079 3817 Vgl.
1090 3765 1137 3800 zur
1149 3746 1237 3801 Socha

678 3838 701 3875 o.
728 3827 761 3875 48
795 3836 829 3874 ex
861 3836 894 3874 eo
926 3819 972 3873 die
1004 3819 1063 3872 dies
1093 3817 1237 3899 continuos

678 3888 1239 4017 ididia·laistidedun

679 4032 729 4086 das
753 4033 915 4102 Asyndeion
939 4049 960 4085 s.
984 4045 1006 4084 c.
1028 4035 1043 4082 'l
1067 4045 1102 4082 zu
1124 4029 1239 4096 pontem

680 4134 711 4142 —
732 4103 819 4157 iubet.
845 4133 878 4142 -
902 4116 989 4170 quae
1008 4131 1041 4138 —
1061 4114 1238 4168 oppugna-

679 4175 743 4228 ret:
768 4192 817 4227 nur
839 4172 1048 4239 Ueberseiznng
1071 4188 1092 4225 s.
1117 4186 1140 4223 c.
1164 4175 1180 4223 3
1204 4187 1239 4222 zu

679 4245 712 4298 ub
735 4244 811 4299 idem
837 4243 994 4308 conaretur,
1020 4240 1178 4309 persuadet.
1205 4271 1237 4279 -

678 4345 713 4354 —
733 4314 817 4369 solis
836 4329 972 4368 occasu:
996 4313 1065 4367 fiber
1082 4311 1137 4366 den
1155 4311 1239 4390 Abla-

678 4385 720 4441 liu
739 4403 761 4440 s.
779 4391 840 4456 2³⁵¹
861 4402 900 4439 nu
914 4384 1054 4439 auxesim.
1072 4413 1107 4422 —
1129 4381 1261 4432 mim
