2804 4778
163 209 229 273 110
566 206 614 259 DE
633 203 752 259 BELLO
772 201 929 259 GALLICO

164 392 233 436 cum
256 373 363 434 Caesar
386 374 506 432 nuntios
530 373 668 450 misisset,
692 373 743 449 qui
766 369 960 450 postularent,
979 387 1039 450 cos,
1062 370 1115 448 qui
1138 368 1195 430 sibi
1214 367 1341 430 Gabiae·

127 475 222 542 tque
246 461 356 522 ballum
379 460 558 540 intulissent,
582 459 639 520 sibi
658 459 810 539 dederent,
833 459 1067 538 responderunt:
1089 458 1193 538 populi
1211 457 1342 518 Romani

89 578 93 583 ⁴
163 554 321 630 imperium
344 549 480 609 Rhenum
504 550 603 608 linire:
631 551 711 608 sisa
735 550 826 608 invito
851 547 1013 608 Germanos
1035 548 1067 607 in
1092 545 1215 607 Galliam
1238 554 1339 607 trans-

163 643 206 700 ire
236 657 295 698 non
324 656 451 716 aequum
480 639 676 717 existimaret,
704 655 758 696 cur
786 639 833 697 sui
860 638 1019 715 quiequam
1047 653 1113 696 esse
1141 636 1260 715 imperii
1287 644 1341 696 aut

128 740 144 789 5
163 729 318 808 potestatis
337 736 419 786 trans
438 722 576 786 Rhenum
594 721 781 804 postularet?
816 723 884 785 Ubii
903 733 1010 805 autem,
1030 726 1081 803 qui
1099 726 1152 784 uni
1171 743 1208 784 ex
1228 723 1340 784 Trans-

163 817 303 876 rhenanis
327 816 363 875 ad
387 814 543 875 Caesarem
565 813 678 892 legatos
701 816 852 893 miserant,
875 815 1034 873 amicitiam
1053 814 1195 894 fecerant,
1217 812 1341 873 obsides

163 905 315 984 dederant,
335 921 512 981 magnopere
536 901 668 983 orabant,
690 910 724 962 ut
747 901 803 962 sihi
822 901 963 963 auxilium
987 902 1088 981 lerret,
1108 901 1188 980 quod
1206 903 1341 981 graviter

128 1006 144 1054 6
164 993 199 1054 ab
225 992 331 1052 Suebis
350 999 571 1070 premerentur3
594 990 649 1071 vel,
672 993 698 1051 si
716 991 746 1051 id
770 991 867 1051 lacere
887 989 1132 1069 occupationibus
1155 989 1341 1069 reipublicae

163 1081 387 1162 prohiberetur,
418 1081 583 1140 exereitum
612 1079 700 1139 modo
730 1078 867 1139 Rhenum
898 1087 1128 1158 transportaret:
1158 1079 1188 1138 id
1216 1078 1274 1139 sihi
1304 1078 1342 1139 ad

129 1168 306 1232 'tarrxilium
339 1185 481 1247 spemque
513 1167 620 1246 reliqui
653 1170 796 1247 temporis
824 1170 895 1228 satis
925 1167 1069 1229 loturum.
1115 1166 1243 1228 Tantum
1271 1185 1342 1228 esse

164 1275 273 1318 nomen
296 1265 383 1335 atque
407 1257 577 1334 opinionem
600 1259 665 1317 cius
688 1259 837 1317 exercitus
860 1256 1007 1316 Ariovisto
1034 1255 1120 1334 pulso
1145 1263 1175 1316 et
1202 1255 1260 1316 hoc
1283 1273 1339 1316 no-

163 1348 283 1406 vissimo
310 1344 424 1424 proelio
448 1344 525 1406 lacto
555 1345 702 1405 etiamad
731 1345 849 1406 ultimas
873 1344 1088 1404 Germanorum
1116 1346 1266 1424 nationes,
1294 1347 1343 1406 uti

129 1436 303 1514 aopinione
337 1442 366 1493 et
398 1435 525 1493 amicitia
556 1433 658 1513 populi
690 1432 815 1493 Romani
846 1436 903 1494 tuti
936 1451 1001 1493 esse
1037 1434 1161 1512 possint.
1211 1431 1341 1496 Navium

164 1540 298 1601 magnam
322 1523 436 1600 copiam
460 1522 494 1581 ad
519 1521 780 1601 transportandum
803 1524 968 1583 exercitum
990 1520 1215 1600 pollicebantur.

255 1608 304 1671 17.
328 1609 435 1670 Cacsar
458 1609 504 1669 his
528 1610 564 1670 de
589 1613 699 1690 causta,
723 1629 796 1688 quas
819 1612 1055 1690 commemoravi,
1077 1608 1215 1670 Rhenum
1241 1618 1341 1671 trans·

163 1701 207 1760 ire
232 1699 416 1778 decreverat3
445 1697 496 1758 sed
520 1697 643 1759 navibus
667 1701 794 1759 transire
822 1717 919 1778 neque
947 1701 1018 1759 satis
1040 1704 1146 1759 'tutum
1169 1716 1235 1758 esse
1260 1697 1341 1760 arhi-

163 1787 307 1867 trabatur,
330 1805 427 1866 neque
451 1805 521 1847 suae
540 1805 637 1865 neque
660 1787 762 1867 populi
780 1787 905 1848 Romani
923 1786 1073 1866 dignitatis
1093 1804 1158 1846 esse
1177 1785 1340 1848 statuebat.

129 1877 276 1958 altaque,
300 1878 356 1936 etsi
379 1894 494 1936 summa
517 1875 675 1937 difficultas
698 1876 825 1936 faciendi
848 1878 947 1955 pontis
970 1873 1192 1956 proponebatur
1212 1884 1342 1956 propter

164 1965 358 2038 latitudinem,
382 1963 569 2043 rapiditatem
593 1964 837 2044 altitudinemque
856 1965 995 2044 fluminis,
1019 1972 1118 2026 tamen
1141 1963 1170 2023 id
1190 1962 1249 2024 sibi
1267 1982 1341 2026 con·

128 2069 144 2116 3
163 2053 345 2114 tendendum
370 2062 420 2113 aut
439 2053 524 2113 aliter
545 2072 604 2112 non
629 2052 844 2113 traducendum
866 2054 1030 2113 exercitum
1049 2050 1243 2114 existimabat.
1282 2052 1341 2113 Ra·

163 2145 275 2203 tionem
297 2145 397 2222 pontis
420 2142 495 2201 hane
519 2144 657 2202 instituit.
704 2141 797 2221 Tigna
824 2141 893 2202 bina
917 2139 1131 2220 sesquipedalia
1154 2140 1278 2219 paulum
1303 2141 1341 2202 ab

163 2233 222 2291 imo
250 2238 408 2310 praeacuta
436 2230 568 2290 dimensa
596 2230 632 2290 ad
660 2229 845 2291 altitudinem
877 2230 1008 2290 fluminis
1038 2228 1191 2291 intervallo
1225 2229 1342 2309 pedum

128 2318 291 2380 tduorum
321 2321 401 2377 inter
432 2336 464 2377 se
495 2317 643 2396 iungebat.
690 2317 770 2378 Haec
802 2337 870 2378 cum
904 2316 1171 2378 machinationibus
1203 2319 1342 2381 immissa

164 2504 722 2573 3.quipostularentfihs.nach1,3nu
776 2508 921 2561 arwartete
935 2512 1018 2559 man?
1049 2504 1233 2575 Beispielzur
1245 2506 1341 2564 Lehra

164 2575 721 2702 {¹32⁰*dediliii‘iiiliilinl'
776 2576 1186 2717 l⁰iai⁹¹1i⁰¹³1⁵⁹⁰hlsiimdu
1212 2647 1265 2703 oa
1288 2649 1340 2706 aa

162 2688 721 2785 intermitterent‚undmitdieserGonstr.
775 2719 957 2789 Uebergangs
985 2735 1006 2772 s.
1034 2717 1084 2774 das
1111 2718 1339 2789 geographiache

163 2805 218 2843 von
227 2789 368 2858 postulare
378 2790 464 2859 vergl.
474 2789 572 2843 weiter
580 2791 667 2844 unten
678 2789 721 2843 sni
775 2788 845 2859 Reg.
864 2792 947 2844 anter
960 2789 1081 2845 Rhenus.
1101 2821 1135 2830 -
1154 2790 1341 2847 statuebat

162 2860 312 2929 quiequam
326 2863 379 2914 etc.
394 2891 427 2899 —
443 2866 467 2913 4.
482 2877 548 2914 non
563 2877 721 2928 aequum:
776 2885 809 2904 =
826 2859 1014 2914 existimabat.
1030 2890 1064 2900 -
1083 2866 1109 2914 2.
1128 2877 1256 2915 summa
1275 2879 1339 2916 ver-

162 2948 268 2984 warnm
286 2932 363 2985 steht
381 2949 436 2985 non
459 2931 506 2984 bei
525 2947 645 3000 aequum
663 2930 721 2985 und
774 2929 1339 3000 bindemitproponebatnr:siohhorans

161 3001 241 3056 nicht
258 3002 305 3056 bai
319 3001 551 3056 existimaret?
566 3034 598 3043 -
614 3018 719 3056 our-
775 3002 876 3056 stellte.
887 3033 920 3041 —
932 3008 956 3055 3.
967 3001 1242 3071 sesquipedaliaz
1256 3007 1339 3057 nam-

161 3073 364 3141 potestatis:
393 3073 438 3126 dia
457 3071 586 3127 Genitivo
609 3072 720 3142 imperii
773 3064 832 3126 lich
863 3072 977 3140 „dielr“;
1010 3089 1040 3126 es
1072 3071 1134 3126 sind
1165 3072 1339 3130 anderthalb

161 3142 220 3196 und
238 3144 386 3212 potcstatis
400 3144 514 3212 hitngen
527 3159 582 3197 von
596 3159 656 3196 esse
674 3143 718 3196 ab.
773 3142 842 3197 Fusa
858 3143 939 3198 dicke
948 3141 1057 3209 Pinnio,
1067 3143 1172 3198 welche
1186 3142 1233 3198 die
1245 3142 1339 3201 Joche

162 3244 195 3251 —
220 3212 416 3282 quicquam:
440 3229 547 3267 warum
567 3213 643 3267 steht
661 3213 718 3268 die·
773 3213 823 3267 der
840 3213 949 3268 Briiclra
972 3212 1106 3268 bildeten.
1130 3243 1164 3254 -
1188 3215 1229 3268 ab
1251 3213 1337 3272 imo:

161 3299 204 3338 aes
229 3284 387 3337 Pronomen
411 3284 469 3337 und
493 3283 572 3338 nicht
594 3283 719 3352 aliquid?
772 3285 842 3338 tiber
865 3283 923 3339 imo
949 3284 1025 3338 siaha
1043 3290 1069 3351 3,
1088 3290 1104 3338 3
1124 3303 1160 3338 an
1182 3283 1219 3338 ad
1243 3289 1339 3341 extre·

161 3360 239 3408 -6.
266 3353 300 3406 id
319 3354 433 3408 facere
451 3354 541 3408 iibens.
560 3354 648 3408 durch
666 3355 720 3408 Ein
773 3373 911 3409 mum.—
955 3356 1224 3411 raeacutazrorn
1250 3373 1338 3427 ange·

161 3425 250 3478 Wort.
275 3455 309 3463 -
338 3423 624 3493 occupationibus
651 3425 720 3480 rei·
774 3425 866 3495 spitzt.
882 3456 915 3466 —
931 3376 1086 3480 dimensa
1102 3425 1265 3495 passivisch‚
1280 3427 1339 3484 wia

161 3493 338 3564 publicae:
375 3495 641 3566 Beschhftigungen,
674 3496 719 3552 die
772 3502 803 3563 2,
831 3504 877 3560 19,
905 3503 929 3552 5.
962 3527 996 3537 -
1029 3496 1070 3551 ad
1106 3496 1338 3555 altitudinem

161 3565 211 3620 der
235 3565 315 3620 Stant
336 3565 449 3620 fordert.
479 3597 512 3604 -
540 3568 719 3636 transpor-
772 3567 1338 3626 fluminis:nachderTiefedasStro·

160 3636 264 3691 taret:
283 3636 352 3691 iiber
370 3637 414 3691 die
429 3637 623 3692 Construction
643 3638 718 3694 siche
772 3655 845 3705 mes,
859 3639 944 3693 donn
969 3655 1015 3692 arn
1040 3639 1109 3694 Ufer
1133 3639 1191 3693 und
1216 3656 1253 3695 an
1278 3640 1348 3707 dan,

162 3713 186 3776 1,
206 3714 253 3777 12,
272 3714 288 3762 2
308 3727 341 3762 nn
360 3708 524 3764 traduxisse.
544 3740 577 3750 -
602 3716 625 3763 7.
645 3710 718 3778 opi·
772 3709 928 3764 seichtarcn
948 3709 1054 3764 Stellen
1077 3710 1126 3765 des
1144 3709 1256 3765 Illussas
1275 3727 1339 3767 wan

160 3779 294 3835 nionem
308 3779 359 3834 hat
371 3782 526 3850 prignante
542 3780 719 3850 Bedautung:
774 3796 804 3835 es
821 3779 902 3835 nicht
918 3781 1032 3850 ntthig‚
1056 3779 1097 3835 sie
1116 3797 1147 3836 ao
1169 3781 1224 3835 tief
1240 3780 1338 3837 ainzu

160 3849 206 3906 die
226 3855 293 3920 gnte
307 3851 453 3920 Meinung,
472 3850 501 3905 in
516 3851 565 3905 der
584 3851 633 3906 das
646 3851 720 3906 Heer
772 3868 906 3906 remmon,
926 3883 960 3891 -
982 3853 1074 3906 inter
1098 3869 1132 3907 se
1154 3851 1338 3921 iungebat:

161 3921 719 3993 steht-aiusexercitumzweiGeni·
774 3939 803 3976 er
839 3922 975 3990 verband,
1008 3921 1133 3976 ntmlieh
1163 3921 1340 3981 remittelst

159 3991 231 4059 tiva,
252 4009 306 4046 von
324 3993 415 4047 denen
434 3993 483 4047 der
501 3993 562 4047 eine
580 4009 636 4046 von
654 3993 719 4047 dem
772 3993 935 4048 Kiammcrn
948 3993 1016 4048 oder
1032 3993 1141 4048 kleiner
1154 3992 1339 4058 Querbalken

161 4063 266 4116 andern
280 4062 424 4133 abhhngig
441 4064 486 4120 ist.
519 4064 655 4134 Vergil,
672 4071 717 4118 12:
773 4065 859 4132 (diosa
886 4063 987 4117 Arbeit
1018 4064 1141 4134 geschah
1168 4065 1339 4124 anaserhalh

160 4133 642 4189 eiussoceriavum.-adultimas
653 4137 718 4191 etc:
772 4135 821 4189 des
833 4135 979 4204 Wassers),
998 4133 1068 4190 awai
1084 4134 1184 4189 Pfahle
1202 4136 1257 4190 mit
1275 4136 1336 4192 ain·

159 4204 195 4258 ad
209 4203 340 4258 henhier
353 4204 403 4259 das
418 4205 478 4259 sich
486 4205 662 4275 Rrstrecken,
673 4205 718 4260 dia
773 4205 859 4260 ander
877 4221 920 4272 so,
940 4206 1004 4260 dass
1023 4206 1063 4260 sie
1082 4223 1134 4260 nur
1152 4205 1223 4262 awai
1236 4207 1337 4264 Schnh

158 4274 718 4345 Ausdehnungbiszu.-possint:nach
772 4293 822 4330 aus
837 4275 970 4331 einander
988 4276 1106 4331 standan
1123 4278 1182 4331 und
1200 4277 1246 4332 ein
1260 4277 1338 4335 Pani·

153 4345 209 4397 den
221 4346 469 4414 voransgebanden
482 4347 577 4401 histor.
589 4347 717 4416 Tempor.
773 4348 963 4402 ausmachten.
990 4379 1023 4388 —
1046 4354 1071 4403 4.
1095 4365 1168 4402 curn
1188 4379 1222 4388 -
1241 4348 1337 4405 deti-
