2804 4778
430 224 500 280 uia.
520 226 594 280 viu.
623 226 700 281 CAP.
720 231 834 281 48-52.
1165 230 1229 294 291

56 391 229 472 appellaret,
252 392 361 470 quibus
379 392 416 452 Μ.
435 392 564 471 Antonii,
587 394 754 470 quaestoris
778 393 833 472 sui,
856 393 1113 456 commendaverat
1136 414 1233 457 sacer-

54 482 130 543 dotii
158 482 343 561 petitionem.
390 480 594 541 Contendebat
623 483 702 541 enim
730 482 824 559 gratia
852 499 921 541 cum
951 481 1078 544 libenter
1101 503 1157 563 pro
1179 485 1267 547 ho-2

56 573 137 630 mine
161 569 218 629 sibi
242 571 501 649 coniunctissimo,
525 587 614 648 quem
637 569 724 649 paulo
749 577 816 629 aute
839 572 1034 648 praemiserat
1056 573 1092 633 ad
1115 576 1232 652 petitio·

56 678 141 740 nem,
173 667 238 719 tum
268 660 377 718 acriter
409 666 512 718 contra
536 659 694 718 factionem
719 666 748 718 ct
775 660 938 737 potentiam
970 679 1148 743 paucorum,
1181 665 1232 741 qui

55 748 93 809 M.
108 748 229 807 Antonii
248 746 367 825 repulsa
383 746 516 806 Caesaris
536 746 708 807 decedentis
727 748 849 825 gratiam
874 748 1039 810 convellere
1063 750 1232 830 cupiebant.

54 836 142 896 Hun‘c
162 837 219 896 etsi
237 853 380 914 augurem
394 837 478 914 prins
497 836 617 914 factum,
641 854 729 914 quam
747 834 860 895 ltaliam
879 838 1046 920 attingeret,
1069 841 1100 899 in
1123 841 1231 899 itinere
1250 853 1266 900 3

55 924 203 1004 audierat,
233 932 332 985 tamen
355 941 414 983 non
438 926 537 984 minus
560 927 669 984 iustam
693 923 749 984 sibi
773 942 893 984 causam
916 929 1076 1006 municipia
1100 936 1129 988 et
1153 928 1230 988 colo·

55 1016 120 1074 nias
149 1011 278 1072 adeundi
306 1015 495 1092 existimavit,
523 1020 557 1073 ut
584 1014 622 1072 iis
650 1015 759 1091 gratias
788 1021 901 1093 ageret,
930 1016 1009 1092 quod
1032 1016 1231 1094 frequentiam

55 1110 145 1180 atque
170 1101 301 1162 officium
325 1119 411 1160 suum
435 1101 563 1161 Antonio
586 1104 820 1181 praestitissent,
849 1102 997 1181 simulque
1025 1124 1056 1164 se
1086 1114 1116 1165 et
1138 1105 1268 1170 hono-4

56 1209 121 1251 rem
145 1208 233 1250 suum
257 1191 410 1268 sequentis
433 1192 502 1249 anni
526 1190 761 1270 commendaret,
784 1198 944 1268 propterea
968 1193 1046 1270 quod
1069 1194 1231 1255 insolenter

57 1269 220 1339 adversarii
248 1279 294 1338 sui
324 1278 523 1356 gloriarentur
545 1277 576 1338 L.
600 1276 760 1339 Lentulum
789 1286 818 1338 et
841 1277 872 1338 C.
896 1279 1069 1342 Marcellum
1093 1281 1231 1343 consules

57 1376 187 1440 creatos,
220 1369 270 1444 qui
303 1384 421 1426 omnem
452 1366 597 1426 honorem
630 1375 661 1427 et
693 1367 866 1445 dignitatem
895 1367 1029 1430 Caesaris
1062 1369 1232 1451 spoliarent,

57 1464 194 1535 ereptum
210 1454 273 1514 Ser.
289 1453 396 1514 Galbae
412 1455 607 1536 consulatum,
627 1474 695 1516 cum
714 1458 740 1516 is
759 1455 852 1515 multo
871 1455 938 1534 plus
957 1461 1050 1536 gratia
1069 1461 1232 1538 suffragiis-

58 1562 115 1623 que
139 1543 288 1623 valuisset,
312 1543 391 1622 quod
410 1543 467 1604 sibi
491 1546 668 1604 coniunctus
692 1553 722 1605 et
745 1543 941 1605 familiaritate
962 1555 992 1606 et
1015 1546 1232 1609 consuetudine

57 1632 213 1711 legationis
237 1640 325 1691 esset.

147 1716 199 1782 51.
222 1719 373 1799 Exceptus
397 1728 443 1780 est
466 1719 600 1780 Caesaris
624 1721 767 1782 adventus
790 1718 827 1780 ab
852 1723 991 1784 omnibus
1009 1726 1180 1803 municipiis
1204 1733 1234 1785 et

60 1809 184 1869 coloniis
212 1808 381 1869 incredibili
410 1808 523 1868 honore
551 1817 639 1887 atque
670 1828 779 1870 amore.
825 1808 901 1870 'lum
928 1815 1058 1890 primum
1081 1815 1162 1874 enim
1184 1832 1232 1872 ve·

56 1897 157 1959 niebat
171 1897 207 1957 ab
222 1897 271 1957 illo
281 1900 436 1957 universae
448 1897 555 1958 Galliae
571 1897 656 1957 bello.
671 1897 750 1958 Nihil
765 1896 997 1982 relinquebatur,
1008 1901 1087 1979 quod
1098 1902 1134 1961 ad
1145 1920 1230 1961 orna·
1251 1920 1267 1968 2

57 1995 122 2047 tum
137 1994 300 2067 portarum,
314 1988 465 2066 itinerum,
478 1986 613 2046 locorum
627 1989 767 2059 omnium,
788 2004 845 2064 qua
857 1986 964 2048 Caesar
982 1991 1080 2049 iturus
1095 1998 1167 2070 erat,
1182 2007 1232 2048 eua

59 2076 183 2154 cogitari
197 2083 321 2153 poterat.
347 2073 420 2134 Cum
435 2074 536 2134 liberis
551 2077 647 2135 omnis
662 2074 820 2135 multitudo
840 2074 955 2137 obviam
975 2077 1165 2159 procedebat,
1178 2077 1230 2136 ho·
1251 2097 1267 2145 3

58 2166 132 2223 stiae
144 2162 281 2223 omnihus
291 2163 364 2223 locis
378 2162 615 2243 immolabantur,
624 2163 762 2224 tricliniis
773 2166 874 2223 stratis
888 2165 952 2226 fora
966 2167 1133 2245 templaque
1145 2185 1232 2226 occu-

58 2251 215 2332 pabantur,
230 2259 263 2312 ut
276 2252 321 2311 vel
337 2254 546 2329 spectatissimi
564 2252 708 2331 triumphi
726 2251 838 2313 laetitia
856 2257 987 2333 praecipi
1006 2263 1115 2333 posset.
1139 2254 1233 2315 Tanta

56 2349 121 2401 erat
145 2341 361 2418 magnificentia
385 2341 462 2419 apud
485 2340 702 2421 opulentiores,
726 2341 872 2418 cupiditas
895 2342 973 2421 apud
996 2343 1178 2403 humiliores.

146 2425 197 2489 52.
222 2427 295 2488 Cum
311 2447 414 2488 omncs
440 2431 577 2507 regiones
598 2422 706 2489 Calliae
725 2437 840 2508 togatae
857 2429 964 2490 Caesar
983 2433 1232 2512 percucurrisset,

56 2615 129 2685 fen),
158 2615 225 2670 oder
251 2617 324 2670 ohne
351 2616 488 2672 dasselbe.
525 2618 619 2671 Durch
674 2619 854 2673 concessiven
882 2618 957 2672 Sinn.
987 2621 1030 2658 —‘
1051 2620 1236 2673 consuetu·¹

57 2688 108 2741 das
128 2687 270 2741 erw'aihnte
289 2686 413 2742 Julische
433 2687 532 2743 Gesetz
554 2689 620 2743 aher
673 2688 752 2744 dine
780 2689 980 2758 legationis:
1009 2690 1095 2743 durch
1120 2690 1171 2744 das
1192 2689 1234 2742 in·

56 2757 154 2812 wurde
182 2757 257 2812 allen
282 2758 399 2812 stacten
426 2758 542 2812 Italiens
569 2759 619 2812 das
673 2760 738 2829 nige
757 2758 940 2825 Verh'altnies,
959 2759 1079 2814 welches
1097 2759 1234 2813 zwischen

56 2828 134 2882 volle
148 2829 341 2898 Biirgerrecht,
362 2828 462 2882 civitas
482 2847 546 2882 cum
565 2830 619 2883 suf·
673 2831 733 2882 ihm
756 2831 814 2884 und
842 2830 905 2884 dem
929 2829 1031 2900 Galba,
1060 2829 1101 2884 als
1129 2829 1234 2885 seinem

56 2899 159 2968 fregio,
179 2900 299 2955 ertheili.
328 2899 409 2952 Auch
429 2899 474 2954 die
494 2900 620 2954 coloniae
673 2901 711 2954 Le
734 2902 812 2968 aben,
831 2901 975 2956 siattfand

56 2972 83 3024 d.
99 2971 127 3024 h.
145 2986 201 3024 von
215 2970 287 3026 Rom
307 2987 355 3024 aus
375 2971 546 3039 gegn'indete
563 2972 633 3026 und.
711 2918 775 3040 Cap.
792 2977 834 3024 51.
855 2979 878 3026 1.
894 2971 1039 3040 primum
1057 2971 1158 3025 enirn:
1177 2987 1233 3026 wa-

57 3058 114 3097 von
131 3041 203 3095 Rom
222 3041 382 3111 abhtingige
402 3041 501 3095 Stadia
521 3041 619 3096 erhiel-
673 3060 734 3096 rum
759 3041 833 3096 enim
857 3042 914 3096 ersi
934 3041 1167 3111 hinterprimum
1186 3059 1233 3110 gc-

57 3115 105 3167 ien
125 3112 213 3165 durch
222 3111 302 3181 janes
315 3111 440 3166 Julische
455 3112 554 3166 Gesetz
569 3113 619 3166 das
674 3113 770 3167 stalli?
784 3143 820 3152 —
838 3119 863 3168 3.
882 3113 1019 3168 hostiae
1039 3138 1073 3158 =
1091 3112 1242 3181 victimae„

57 3183 241 3238 Stimmrecht
262 3182 292 3235 in
315 3183 370 3236 den
392 3183 551 3237 rdmischen
570 3182 619 3237 Co·
673 3184 841 3253 Dankopfer.
857 3214 891 3222 -
909 3182 1079 3238 tricliniis
1098 3183 1233 3237 stratis:

58 3253 166 3307 milien.
187 3285 221 3292 -
240 3252 433 3322 appellare:
453 3254 541 3308 durch
558 3271 619 3323 per·
674 3254 728 3323 eig.
740 3253 1233 3324 mithingesbelltenSpeisesopha's;

58 3323 183 3378 siinliche
213 3323 375 3393 Ansprache
407 3343 440 3378 nu
472 3325 620 3394 gewinnen
674 3341 702 3378 es
720 3326 835 3379 wurden
858 3325 984 3380 ntmlieh
1002 3325 1049 3379 bei
1070 3324 1234 3380 feierlichen

59 3395 172 3449 suchen.
192 3424 227 3434 ·-
246 3401 270 3448 2.
290 3395 415 3464 gratia:
435 3396 484 3449 der
503 3412 552 3450 aue
567 3397 620 3450 Be-
674 3395 894 3464 Gelegenheiten
930 3396 985 3450 den
1017 3396 1135 3450 Goliam
1171 3414 1235 3450 zum

57 3464 190 3520 liebtheit
228 3467 404 3520 erwaohsene
444 3467 619 3535 perstinliche
673 3466 756 3524 uank
773 3467 866 3521 Mahle
890 3466 1083 3535 (lectisternia)
1105 3466 1234 3535 hereibei,

58 3536 188 3591 Einfluse.
210 3567 242 3576 —
262 3536 476 3591 decedentis:
497 3539 620 3592 vender
673 3536 719 3590 die
755 3536 835 3591 darin
870 3537 1038 3605 basianden,
1076 3538 1140 3592 dass
1173 3537 1233 3591 ihre

58 3605 186 3662 Provinz.
206 3637 241 3646 -
260 3613 284 3662 3.
303 3607 551 3677 frequentiam:
574 3607 620 3661 ihr
674 3607 813 3662 Bildnisse
840 3607 870 3662 in
896 3608 977 3662 ihren
1002 3609 1139 3678 Tempeln
1166 3608 1234 3663 oder

58 3676 619 3747 zahlreiehesErscheinenbeiderWahl,
673 3695 709 3733 an
728 3678 850 3733 anderen
868 3680 1025 3749 geweihten
1044 3680 1160 3734 Platzen
1184 3677 1235 3731 auf

56 3749 88 3802 in
120 3749 174 3803 den
208 3749 547 3818 Wahlversammlungen.
585 3779 619 3789 -
672 3749 800 3804 Polstern
831 3750 949 3805 standan
979 3751 1036 3804 und
1067 3766 1117 3804 vor
1148 3749 1234 3801 ihnen

57 3826 84 3875 4.
99 3819 264 3875 honorem
284 3821 460 3888 sequentis
479 3819 572 3874 anni:
590 3836 620 3874 er
674 3819 724 3874 auf
744 3821 799 3875 den
817 3820 933 3876 Aliiiren
957 3822 1024 3876 oder
1046 3820 1097 3874 auf
1113 3818 1234 3873 Tischen

59 3890 156 3946 wollte
175 3889 235 3945 sich
253 3890 293 3944 im
311 3889 462 3960 folgenden
479 3891 566 3946 Jahre
585 3895 618 3945 48
673 3891 790 3961 Speisen
812 3891 975 3960 aufgesielli
996 3890 1118 3945 wurden.
1137 3919 1173 3930 —
1196 3891 1234 3943 ui

56 3979 84 4016 v.
100 3960 163 4015 Chr.
183 3979 231 4015 um
249 3961 296 4016 das
311 3960 446 4016 consulet
462 3963 618 4017 bewerben.
674 3993 707 4002 -
734 3965 852 4031 posset
878 3961 968 4015 heiset
993 3959 1141 4016 wortlich?
1178 3959 1233 4030 „Es

58 4032 141 4089 -L.
160 4031 342 4087 Lentulum
361 4063 394 4073 -
414 4035 560 4088 creatos:
579 4033 620 4087 im
672 4050 739 4100 wer,
767 4034 808 4087 als
836 4033 872 4087 oh
895 4048 961 4085 man
984 4031 1023 4085 im
1041 4031 1151 4086 Verane
1179 4032 1234 4086 den

58 4104 84 4160 J.
103 4110 145 4159 49.
166 4135 200 4145 -
219 4103 277 4173 qni
296 4136 329 4143 —
349 4104 554 4173 spoliarent:
574 4104 619 4158 die
673 4104 875 4174 glanzendsten
919 4101 977 4156 und
1023 4101 1234 4157 erfreulichsten

59 4175 284 4245 gewtthnlichere
303 4175 458 4230 Construci.
482 4175 535 4229 mii
554 4175 619 4229 dem
674 4174 810 4244 Triumph
827 4171 940 4229 feiere.“
955 4204 988 4212 -
1008 4172 1233 4242 magnificen-

59 4248 158 4301 Accus.
179 4247 205 4302 d.
220 4247 294 4300 Pers,
309 4264 335 4300 u.
350 4245 414 4300 Abi.
433 4247 459 4301 d.
475 4245 571 4302 Sache.
585 4276 618 4286 —
673 4245 736 4300 tia:
756 4246 805 4300 der
823 4244 1065 4299 Prachiaufwand.
1085 4275 1118 4283 -
1139 4242 1233 4312 eupi-

60 4317 127 4374 Ser.
147 4317 290 4373 Galbae:
314 4316 390 4371 siehe
412 4317 481 4371 iiber
498 4316 549 4370 ihn
566 4317 620 4372 den
674 4316 776 4371 ditas:
795 4315 999 4386 Ergebenheii,
1019 4314 1233 4370 Enbhusiasmus

58 4388 173 4458 Anfang
192 4389 240 4444 des
258 4393 282 4442 3.
298 4387 463 4443 Boebes-
480 4403 552 4441 cum
569 4387 621 4444 hat
674 4387 719 4442 fiir
738 4386 830 4443 Cesar.

929 4473 934 4483 ’
1020 4480 1073 4533 19*
