2804 4778
513 224 620 297 me.1.
649 226 725 282 car.
745 232 858 282 12-14.
1099 212 1104 227 “
1228 228 1268 293 13

99 397 205 456 luerat.
250 391 279 452 ls
302 394 341 452 ita
365 410 432 453 cum
454 391 578 452 Caesare
602 395 674 472 egit:
705 392 737 454 Si
759 411 862 472 pacem
884 393 1011 474 populus
1029 391 1181 456 Romanus
1200 406 1303 457 cuma

99 480 242 543 Helvetiis
265 481 386 562 laceret,
409 483 439 541 in
458 499 522 541 earn
545 489 660 560 partem
682 484 778 543 ituros
801 491 889 562 atque
911 481 954 543 ibi
975 482 1092 543 luturos
1111 482 1268 565 Helvetios,

99 570 151 633 ubi
175 587 226 629 eos
246 568 353 630 Caesar
372 571 576 631 constituisset
594 579 681 649 atque
704 589 772 632 esse
790 570 944 633 voluisset:
968 572 1014 631 sin
1032 570 1109 632 hello
1128 576 1269 653 persequi
1287 585 1304 634 4

98 666 317 740 perseveraret,
347 660 591 719 reminisceretur
621 668 650 720 et
678 663 788 721 veteris
815 659 992 721 incommodi
1019 659 1123 739 populi
1144 661 1268 724 Romani

98 757 132 809 et
160 749 302 826 pristinae
332 749 450 809 virtutis
478 746 687 809 Helvetiorum.
734 748 819 820 Quod
849 751 1008 828 improviso
1038 767 1131 809 unum
1160 762 1303 830 pagumt

98 837 222 898 adortus
245 845 338 918 esset,
361 854 428 897 cum
452 838 486 916 ii,
509 839 561 915 qui
583 836 694 898 flumen
722 839 912 918 transissent,
940 838 1002 899 suis
1025 836 1166 898 auxilium
1189 840 1268 900 lerre

54 999 55 1005 ἵ
100 943 161 986 non
183 934 314 1006 possent,
337 943 374 985 ne
398 923 436 985 ob
455 943 520 986 eam
543 944 607 986 rem
630 935 681 987 aut
704 943 774 988 suae
799 944 976 1006 magnopere
999 926 1101 986 virtuti
1123 927 1269 989 tribueret

96 1025 150 1076 aut
172 1015 254 1093 ipsos
272 1013 447 1094 despiceret.
489 1014 526 1074 Se
545 1016 585 1075 ita
609 1033 625 1074 a
643 1014 778 1094 patribus
801 1015 1022 1095 maioribusque
1041 1017 1102 1075 suis
1121 1014 1268 1099 didicisse,
1288 1031 1303 1080 6

98 1111 134 1164 ut
156 1104 249 1181 magis
272 1105 381 1164 virtute
406 1103 633 1183 contenderent,
662 1121 750 1182 quam
780 1103 847 1165 dolo
875 1113 926 1165 aut
954 1102 1069 1166 insidiis
1092 1105 1267 1166 niterentur.

100 1191 199 1262 Quare
222 1210 260 1252 ne
285 1194 493 1272 committeret,
517 1199 549 1253 ut
571 1194 598 1252 is
620 1191 712 1273 locus,
736 1192 788 1254 ubi
811 1195 1023 1272 constitissent,
1046 1211 1082 1252 ex
1106 1192 1267 1255 calamitate

100 1279 202 1360 populi
228 1279 354 1342 Romani
384 1289 414 1342 et
441 1283 644 1342 internecione
672 1283 821 1344 exercitus
849 1300 958 1344 nomen
986 1289 1105 1362 caperet
1135 1290 1186 1345 aut
1209 1301 1268 1343 me-

100 1370 224 1430 moriam
246 1370 396 1449 proderet.

191 1473 239 1537 14.
264 1475 317 1537 llis
336 1475 442 1537 Caesar
466 1478 506 1537 ita
524 1477 690 1556 respondit:
721 1476 764 1537 Eo
789 1477 846 1538 sibi
868 1480 967 1540 minus
985 1478 1177 1540 dubitationis
1196 1479 1268 1560 dari,

100 1564 180 1644 quod
200 1582 249 1624 eas
268 1583 325 1646 res,
341 1583 413 1644 quas
432 1566 520 1645 legati
533 1565 659 1626 Helvetii
678 1575 967 1647 commemorassent,
985 1569 1126 1629 memoria
1145 1576 1269 1648 teneret,

100 1663 189 1732 atque
213 1671 249 1714 eo
272 1656 390 1733 gravius
413 1655 505 1730 serre,
533 1673 592 1734 quo
616 1657 715 1716 minus
742 1658 848 1717 merito
876 1655 978 1736 populi
1000 1657 1124 1717 Romani
1147 1656 1268 1717 accidis·

101 1751 184 1807 sent:
200 1745 251 1822 qui
270 1745 295 1803 si
314 1742 439 1804 alicuius
457 1746 582 1804 iniuriae
602 1743 659 1805 sihi
677 1747 815 1806 conscius
835 1746 949 1825 luisset,
967 1764 1027 1807 non
1042 1747 1132 1806 luisse
1150 1744 1268 1806 dilllcile
1287 1760 1303 1808 a

102 1824 219 1912 cavere,
243 1831 295 1892 sed
319 1851 354 1893 eo
374 1831 540 1912 deceptum,
559 1833 637 1912 quod
659 1852 757 1913 neque
776 1836 966 1895 commissum
989 1853 1005 1895 a
1023 1853 1055 1895 se
1074 1833 1268 1913 intellegeret,

101 1938 193 1998 quare
211 1921 339 2001 timeret,
357 1939 454 1999 neque
474 1924 538 1982 sine
557 1940 645 1982 causa
664 1923 828 1984 timendum
847 1930 974 2002 putaret.
1012 1923 1097 1995 Quod
1116 1923 1141 1982 si
1160 1924 1269 1983 veteris
1287 1937 1303 1986 3

102 2008 297 2069 contumeliae
320 2008 454 2071 oblivisci
471 2010 568 2090 vellet,
591 2028 662 2071 num
686 2013 774 2071 etiam
797 2013 961 2071 recentium
980 2013 1165 2090 iniuriarum,
1188 2010 1267 2089 quod

100 2285 156 2324 von
170 2267 230 2323 'den
247 2267 409 2324 Helvetiern
427 2268 556 2338 getddtet
573 2269 658 2323 ward.
713 2285 749 2323 an
773 2268 837 2322 dem
860 2268 899 2324 sie
917 2267 986 2337 Halt
1009 2269 1139 2336 gemacht
1160 2268 1268 2335 mitten,

103 2370 136 2388 r-
152 2345 177 2392 3.
194 2337 227 2392 Si
241 2361 288 2404 -t
308 2338 372 2393 sin:
391 2339 513 2409 Beispiel
526 2339 574 2394 des
589 2341 659 2393 Aus-
713 2341 786 2394 ohne
804 2339 911 2410 Kampf
926 2339 1005 2393 nicht
1024 2338 1158 2395 weicheri.
1178 2371 1211 2380 -
1230 2358 1269 2396 ne

97 2409 203 2463 drucks
226 2425 282 2464 von
304 2410 374 2465 zwei
395 2409 455 2464 sich
473 2412 659 2481 entgegenge-

713 2411 958 2478 committeret,
972 2411 1016 2463 ut:
1036 2412 1219 2480 committere,
1229 2413 1269 2478 ut,

102 2482 209 2536 setzten
231 2480 514 2553 Bedingungsstttzen.
542 2514 575 2522 -
600 2481 660 2537 ubi

713 2483 759 2537 die
772 2482 982 2551 Veranlassung
1000 2481 1072 2536 darn
1090 2482 1190 2551 geben,
1209 2499 1269 2537 ver-

104 2583 136 2592 -
166 2552 428 2608 constituisset:
456 2570 498 2608 wo
522 2571 552 2608 er
574 2553 659 2608 ihnen

100 2623 288 2694 Wohnungen
307 2624 447 2679 anweisen
466 2625 597 2693 (oder'sie
612 2641 659 2678 an-

102 2694 218 2761 siedeln)
228 2695 322 2751 wiirde
332 2715 357 2749 u.
369 2714 390 2752 s.
401 2714 476 2751 w.—
491 2696 660 2751 voluisset

100 2765 245 2820 iibersetze
271 2766 358 2820 durch
381 2766 426 2821 ein
454 2766 546 2823 Subst.
576 2797 610 2808 —
632 2774 659 2820 4.

99 2837 658 2906 perseverarettbeachtedenWech-

102 2907 145 2961 sel
172 2907 221 2961 des
249 2906 389 2976 Subjects;
425 2907 499 2963 bello
529 2909 659 2978 persequi

101 2979 290 3048 perseveraret
299 2978 387 3033 heisst
396 2978 565 3049 eigentlicht
578 2979 658 3034 fiber·

100 3050 178 3102 setae
201 3048 254 3102 den
277 3048 364 3118 Krieg
386 3050 548 3115 fortsetzen;
576 3051 658 3104 echte

101 3119 153 3173 auf
166 3118 212 3173 die
230 3118 450 3191 Hervorhebung
473 3121 521 3176 des
540 3121 658 3192 Begriffs

103 3189 288 3259 „fortsetaen“
320 3192 408 3248 durch
444 3192 494 3248 das
526 3193 659 3263 doppelte

101 3279 159 3330 per.
184 3291 218 3302 -
240 3261 459 3319 incommodi:
488 3282 518 3319 er
540 3264 659 3320 braucht

102 3332 156 3386 den
179 3332 299 3388 mildern
317 3335 465 3390 Ausdruck
483 3335 659 3405 (Euphemis-

101 3406 187 3528 ιεηηῗ,
216 3421 239 3487 c,
269 3412 300 3487 Ι12
329 3407 659 3534 stehtalvon'tgteemlben

123 3491 192 3529 ace
223 3493 362 3546 insignem
395 3495 410 3532 c
440 3494 497 3533 ann
558 3497 593 3532 m.
624 3508 658 3517 -

102 3551 128 3598 5.
153 3545 245 3609 Quod
266 3547 464 3616 improviso:
491 3550 578 3618 quod,
601 3565 659 3604 was

102 3615 153 3668 das
167 3615 286 3686 bstulit,
300 3618 373 3686 dass3
389 3618 456 3674 oder
471 3621 551 3675 laura:
570 3637 658 3676 wenn.

103 3685 140 3739 So
155 3685 196 3740 cit
210 3704 232 3740 a.
247 3686 278 3741 B.
293 3705 316 3742 c.
331 3695 367 3742 44
380 3690 659 3757 quod—traducat3

103 3773 125 3811 o.
141 3762 175 3810 36
192 3757 267 3825 quod
285 3757 340 3812 sihi
353 3759 455 3815 Caesar
469 3760 659 3827 denuntiatam

104 3846 126 3884 c.
144 3834 176 3881 14
196 3827 271 3897 quod
285 3860 318 3868 —
338 3830 530 3900 gloriarentur.
550 3862 583 3872 —
602 3848 659 3902 pa-

103 3917 191 3969 gum:
212 3900 281 3954 iiber
294 3919 315 3956 s.
330 3901 395 3956 Bed.
411 3920 431 3958 s.
449 3919 471 3959 c.
487 3908 529 3956 12.
545 3933 578 3944 ·-
596 3903 659 3957 tri·

102 3972 225 4025 bueret
251 3973 363 4030 absolut
393 3974 558 4042 gebraucht,
582 3972 661 4028 nicht

103 4040 156 4095 mit
170 4041 261 4097 einem
274 4043 373 4106 Aecus,
388 4045 441 4101 wie
456 4045 589 4111 multum,
608 4044 659 4098 ali-

97 4112 179 4181 quid,
191 4113 309 4169 sondern
318 4117 371 4171 mit
380 4116 659 4173 einemAdverb.ver-

713 2553 859 2622 schulden‚
874 2554 951 2618 dass;
966 2551 1067 2607 ebenso
1082 2569 1106 2608 c.
1117 2559 1152 2607 46
1168 2552 1271 2608 Caesar

713 2625 944 2680 committendum
960 2639 1016 2678 non
1033 2624 1166 2694 putabat,
1185 2626 1218 2678 ut
1235 2656 1269 2665 -

713 2695 770 2750 dici
787 2697 889 2765 posset.
909 2726 942 2734 —
961 2711 1094 2749 nomen:
1119 2713 1139 2749 s.
1159 2713 1182 2749 c.
1202 2702 1217 2749 2
1236 2714 1270 2750 nu

713 2766 830 2822 civitati.
853 2797 890 2807 -
912 2764 1120 2820 memoriam:
1145 2765 1269 2820 ntmlich

713 2836 883 2892 calamitatis
902 2838 953 2891 etc.

749 2907 815 2976 Cap.
831 2914 872 2961 14.
893 2913 917 2962 1.
931 2905 1004 2960 His:
1023 2905 1147 2961 n'amlich
1160 2907 1268 2974 legatis.

712 3010 747 3018 -
765 2978 811 3032 Eo
827 3003 861 3024 =
879 2978 943 3032 hoc
962 2983 1011 3031 ci
1031 2976 1060 3030 in
1078 2978 1131 3032 hoc
1149 2977 1269 3033 facilius.

712 3081 748 3091 —
770 3049 903 3130 minuar
920 3049 961 3103 als
984 3064 1013 3102 es
1036 3048 1113 3102 sonet
1135 3049 1184 3130 der
1207 3049 1269 3103 Fall

712 3119 1269 3273 arrrtusnumnznan

711 3263 802 3319 iibens.
821 3263 897 3317 diese
913 3261 1011 3317 Worte
1030 3263 1112 3316 actrv.
1130 3292 1167 3302 —
1185 3278 1269 3330 quas

712 3335 1079 3390 -commemorassent
1092 3332 1271 3389 tibersnicht

711 3405 848 3461 wlirtlich.
877 3435 910 3444 -
939 3404 1080 3474 gravius
1106 3403 1209 3459 ferre:
1242 3404 1269 3458 d.

713 3477 776 3546 obj.
789 3476 827 3531 ist
845 3491 891 3531 eas
907 3493 964 3542 res3
982 3476 1028 3532 rib.
1044 3475 1070 3529 d.
1085 3474 1162 3545 Subj.
1177 3494 1198 3530 s.
1214 3493 1238 3530 c.
1254 3481 1269 3529 ‘l

712 3567 748 3602 au
760 3563 868 3617 rogare.
878 3578 912 3586 -
922 3546 1058 3602 merito:
1072 3546 1270 3601 Verschulden.

713 3649 746 3658 -—
766 3625 790 3675 2.
812 3617 929 3687 quisi:
948 3617 979 3673 in
997 3618 1046 3687 qui
1063 3617 1134 3687 liegt
1152 3618 1269 3687 begrtin·

713 3690 802 3744 dende
833 3688 930 3756 Krait3
964 3689 1066 3744 hetone
1097 3689 1172 3743 daun
1205 3688 1269 3742 ali·

713 3760 822 3827 cuius,
847 3760 998 3829 (wirklich)
1017 3761 1105 3827 eines,
1129 3759 1202 3813 dena
1221 3759 1271 3813 ali-

714 3831 776 3899 quis
801 3829 889 3900 (nicht
912 3830 984 3899 quis)
1007 3830 1079 3885 nach
1103 3829 1140 3898 si,
1158 3848 1206 3883 um
1225 3830 1270 3884 die

713 3901 847 3957 factische
884 3901 1084 3956 Wirklichkeit
1123 3902 1270 3956 hervorzu·

713 3974 812 4028 heben.
831 4003 865 4011 -
884 3972 1127 4041 intellegeret:
1150 3972 1202 4033 wir
1220 3972 1271 4026 das

714 4043 1030 4112 Plusquamperfeetum.
1056 4073 1090 4082 --
1116 4043 1270 4098 commis-

714 4131 785 4170 sum
801 4131 858 4170 ase
871 4112 1057 4169 tibersactiv.
1070 4130 1217 4182 -quare
1236 4139 1270 4159 =

102 4183 213 4238 hunden
236 4185 274 4240 ist
295 4188 404 4256 pochen
426 4189 477 4243 auf
496 4188 599 4243 Etwas.
625 4216 658 4226 -
712 4188 827 4256 propter
849 4186 932 4254 quod.
956 4216 990 4224 -
1013 4183 1162 4238 timeret:
1189 4185 1270 4240 echte

104 4262 129 4310 6.
148 4254 316 4314 didicisse
334 4284 368 4305 =
392 4259 536 4316 institutos
559 4274 617 4314 esse
636 4275 659 4312 o.
713 4257 765 4312 nul
780 4257 825 4312 die
840 4256 924 4311 Kraft
942 4256 990 4310 des
1005 4253 1095 4324 Conj.:
1114 4255 1174 4310 sich
1191 4256 1270 4310 haue

104 4332 235 4383 14.-7.
255 4330 510 4387 constitissent:
529 4329 659 4386 dieHel·
713 4327 842 4383 firchten
869 4327 964 4382 sollen.
993 4357 1028 4366 -
1056 4333 1080 4380 3.
1109 4326 1201 4390 Quod
1230 4325 1269 4380 si:

102 4397 192 4451 vetier
205 4399 317 4456 wtirden
328 4401 451 4458 ntmlich
461 4420 517 4461 von
525 4403 591 4460 dem
600 4401 661 4474 ort,
717 4416 818 4472 „menn
839 4401 928 4454 nuri.
952 4430 985 4439 —
1007 4413 1093 4451 num
1108 4424 1143 4433 -
1162 4409 1290 4460 posse·-
