2804 4778
133 216 179 281 40
360 171 362 176 Ι
538 217 587 272 Du
605 217 724 272 BELLO
745 215 901 272 GALLICO

136 400 204 443 cum
218 383 346 445 tribunis
360 385 486 446 militum
502 394 532 446 et
545 387 711 464 primorum
725 385 863 446 ordinum
878 382 1103 446 centurionibus
1118 391 1252 463 egerunt,
1262 383 1311 446 uti

136 469 254 532 Caesari
277 473 503 554 satisfacerent3'
523 492 554 534 se
578 492 675 554 neque
706 492 845 553 umquam
869 471 1021 534 dubitasse
1051 489 1148 551 neque
1171 473 1311 532 timuisse

135 577 233 638 neque
256 559 292 621 de
316 579 430 622 summa
453 560 524 623 belli
547 581 634 623 suum
658 562 811 643 iudicium,
834 563 887 622 sed
910 563 1098 641 imperatoris
1117 577 1183 620 esse
1207 561 1308 620 existi-

98 659 116 707 4
136 650 267 710 marisse.
308 648 420 710 Eorum
441 651 640 711 satisfactione
660 659 780 730 accepta
804 659 834 711 et
856 653 963 710 itinere
986 651 1133 728 exquisito
1156 666 1211 727 per
1230 646 1309 707 Diri·

134 737 258 818 tiacum,
281 737 360 816 quod
384 757 420 798 ex
443 738 508 799 aliis
532 742 559 798 ei
587 741 742 800 maximam
770 739 859 799 iidem
882 736 1022 818 habebat,
1049 744 1083 797 ut
1109 736 1224 797 milium
1247 753 1309 795 am·

133 824 210 902 plius
246 828 460 905 quinquaginta
492 828 619 887 circuitu
652 828 725 888 locis
758 829 869 907 apertis
902 829 1066 887 exercitum
1101 825 1239 904 duceret,
1271 824 1309 884 de

99 923 115 972 5
135 920 240 990 quarta
262 914 369 996 vigilia,
392 922 426 974 ut
445 914 569 995 dixerat,
586 916 739 994 profectus
758 924 813 976 est.
856 915 988 995 Septimo
1007 914 1064 995 die,
1083 930 1152 974 cum
1170 915 1229 973 iter
1247 929 1309 972 non

133 1001 358 1083 intermitteret,
382 1001 418 1062 ab
442 1002 678 1082 exploratoribus
702 1006 814 1064 certior
837 1003 934 1064 lactus
957 1011 1016 1085 est,
1044 1003 1185 1062 Ariovisti
1207 1002 1309 1080 copias

134 1107 149 1148 a
172 1091 284 1156 nostris
307 1090 427 1151 milibus
450 1109 592 1170 passuum
616 1100 756 1171 quattuor
779 1100 810 1152 et
832 1094 936 1171 viginti
959 1089 1071 1151 abesse.

222 1193 273 1256 42.
300 1195 424 1275 Cognito
444 1197 577 1259 Caesaris
597 1199 723 1260 adventu
742 1200 908 1259 Ariovistus
927 1198 1039 1277 legatos
1057 1197 1093 1257 ad
1113 1214 1182 1258 eum
1203 1197 1310 1257 mittit:

134 1282 214 1360 quod
233 1292 319 1344 antea
341 1285 378 1344 de
398 1286 545 1365 colloquio
568 1288 756 1367 postulasset,
780 1287 810 1347 id
832 1305 887 1366 per
911 1305 942 1346 se
962 1287 1027 1346 lieri
1045 1286 1145 1366 licere,
1168 1287 1311 1365 quoniam

133 1373 257 1450 propius
280 1377 465 1456 accessisset,
487 1393 579 1453 seque
602 1375 632 1436 id
656 1378 720 1436 sine
743 1375 877 1455 periculo
896 1376 994 1435 lacere
1017 1387 1105 1454 posse
1130 1375 1311 1434 existimare.

99 1457 199 1518 2Non
223 1463 339 1540 respuit
362 1463 566 1524 condicionem
590 1463 697 1524 Caesar
720 1467 837 1543 iamque
866 1482 934 1524 eum
958 1463 994 1524 ad
1018 1464 1173 1523 sanitatem
1198 1463 1311 1522 reverti

134 1545 347 1629 arbitrabatur,
375 1568 443 1610 cum
466 1551 512 1631 id,
542 1553 621 1630 quod
644 1560 729 1612 antea
757 1554 870 1630 petenti
899 1552 1088 1632 denegasset,
1118 1551 1197 1611 ultro
1224 1549 1310 1629 polli-

98 1644 268 1718 aceretur,
296 1655 490 1717 magnamque
520 1641 551 1698 in
579 1658 662 1719 spem
690 1638 840 1721 veniebat,
866 1659 921 1719 pro
950 1642 1012 1700 suis
1035 1640 1124 1700 tantis
1146 1637 1310 1718 populique

133 1723 259 1785 Romani
281 1728 313 1785 iu
342 1744 410 1787 eum
437 1725 591 1788 beneficiis
619 1730 745 1807 cognitis
772 1730 834 1788 suis
856 1728 1012 1807 postulatis
1040 1728 1118 1808 lore,
1146 1730 1190 1787 uti
1217 1729 1310 1806 perti·

97 1824 115 1872 4
134 1814 217 1872 nacia
241 1814 407 1876 desisteret.
447 1808 517 1876 Die's
541 1815 687 1894 colloquio
711 1817 808 1877 dictus
832 1825 878 1877 est
901 1835 937 1876 ex
961 1835 996 1876 eo
1020 1815 1068 1876 die
1092 1817 1222 1894 quintus.
1262 1815 1310 1875 ln-

133 1903 222 1961 terim
249 1920 336 1981 saepe
360 1903 439 1964 ultro
463 1905 598 1983 citroque
623 1924 691 1965 cum
714 1885 804 1986 tegili
826 1908 905 1966 inter
928 1922 980 1966 eos
1003 1907 1203 1984 mitterentur,
1225 1903 1312 1963 drio-

133 1991 227 2051 ristus
250 1991 422 2074 postulavit,
449 2011 487 2052 ne
511 2011 600 2071 quem
622 1994 754 2072 peditem
781 1993 817 2054 ad
841 1994 1021 2072 colloquium
1046 1991 1153 2053 Caesar
1183 1991 1310 2052 adduce·

133 2087 193 2140 ret:
216 2081 314 2139 vereri
337 2099 378 2162 se,
401 2099 439 2141 ne
462 2100 517 2161 per
535 2082 657 2142 insidias
680 2081 716 2142 ab
736 2101 771 2142 eo
791 2083 1070 2143 circumveniretur:
1093 2088 1220 2159 uterque
1240 2092 1313 2141 cum

134 2329 159 2390 2,
179 2328 212 2376 11
232 2341 265 2376 zu
284 2322 339 2376 den
357 2321 476 2376 Worten
493 2322 545 2377 His
559 2353 594 2362 —
613 2339 695 2391 prae·
749 2321 789 2375 dii
802 2323 905 2387 morte3
920 2321 1012 2376 fernen
1027 2327 1051 2391 t,
1062 2326 1111 2390 553
1126 2327 1205 2391 5‚52,
1220 2329 1245 2390 d,
1261 2330 1312 2377 11:

133 2392 209 2447 fecit.
221 2423 254 2432 —
270 2399 294 2447 3.
315 2409 387 2447 cum
406 2391 602 2447 tribunis-
618 2410 694 2463 ege·
748 2393 783 2447 de
797 2391 922 2447 moribus
940 2408 1104 2461 proponere.
1118 2425 1152 2433 -
1172 2395 1260 2462 quod
1274 2424 1310 2435 -

133 2466 225 2517 runt:
249 2462 451 2518 verhundelten
468 2462 522 2518 mit
545 2495 577 2504 —
598 2464 627 2518 in
646 2465 695 2520 der
747 2463 965 2532 postulasset
992 2463 1063 2518 lbsct
1091 2463 1151 2519 sich
1181 2467 1312 2521 substan·

134 2533 267 2601 Absioht,
291 2535 355 2589 dass
374 2533 421 2588 sie.
442 2563 475 2574 -
499 2534 693 2590 dubitasse:
747 2533 851 2588 tivisch
887 2534 1059 2590 ubersetzen
1096 2565 1132 2575 —-
1167 2552 1228 2605 per
1260 2555 1312 2593 ser

133 2604 315 2672 bedenlrlich,
342 2605 530 2659 schwsnlxend
553 2623 693 2675 genesen,
748 2604 942 2673 seinetwegen.
960 2633 994 2644 —
1014 2611 1039 2660 2.
1058 2606 1310 2663 condicionem:

72 2715 75 2719 -
133 2675 237 2730 wieder
251 2676 296 2730 ein
309 2674 434 2743 Beispiel
448 2675 496 2730 des
512 2676 693 2748 Uebergungs
748 2676 817 2730 uber
844 2674 890 2730 die
917 2674 1083 2747 Bedeutung
1115 2694 1136 2730 s.
1165 2694 1188 2734 c.
1212 2685 1248 2734 40
1274 2698 1311 2734 nu

133 2747 162 2800 in
181 2748 251 2801 oret.
266 2747 321 2802 obl.
336 2764 402 2802 vom
421 2745 500 2816 OonJ'.
519 2748 547 2801 in
567 2747 621 2802 den
641 2748 692 2802 Inf.
746 2745 949 2801 condicionum.
965 2777 998 2786 -
1014 2746 1259 2827 iumgnunmehr.
1273 2780 1309 2791 —

133 2848 167 2856 -
196 2818 235 2872 de
263 2835 390 2872 summu
418 2817 516 2872 belli:
550 2819 619 2873 tiber
647 2819 692 2873 die
747 2823 771 2872 3.
791 2834 1012 2888 magnumque
1031 2849 1064 2858 -
1084 2818 1260 2876 veniebat:
1286 2839 1311 2876 s.

135 2887 318 2960 Oberleitung
341 2889 389 2944 des
407 2888 516 2960 Kriegs.
537 2921 569 2930 -
593 2896 618 2944 4.
638 2908 692 2945 ec·
746 2889 815 2944 iiber
841 2888 886 2944 die
911 2889 1078 2958 Bedeutung
1102 2907 1137 2943 zu
1163 2907 1185 2945 o.
1207 2897 1249 2946 18.
1274 2923 1310 2932 -—

134 2961 236 3029 cepta
257 2960 349 3015 iibere.
375 2960 515 3016 entweder
537 2961 610 3015 nach
633 2977 656 3016 c.
676 2967 692 3015 3
748 2959 818 3014 suis
832 2991 867 3000 —
881 2959 1229 3030 populiqueRomani
1246 2963 1311 3018 dbs.

133 3050 167 3086 zu
185 3049 273 3102 regno
292 3049 387 3101 occup.
407 3032 434 3086 h.
450 3050 477 3085 u.
491 3029 518 3085 d.
538 3033 605 3086 oder
623 3049 646 3087 c.
665 3049 692 3086 u.
747 3030 834 3086 durch
854 3031 935 3085 einen
954 3031 1027 3087 Satn.
1047 3061 1080 3070 —
1099 3049 1160 3100 pro
1179 3031 1232 3087 wie
1251 3049 1274 3090 o.
1291 3040 1307 3088 2

134 3103 160 3155 d.
180 3133 213 3143 -
239 3120 278 3158 ex
301 3101 397 3157 eliis:
422 3101 467 3156 die
486 3119 516 3156 er
533 3102 579 3156 fiir
597 3103 694 3157 diesen
746 3101 776 3155 in
793 3119 844 3172 pro
862 3100 1052 3155 multitudine.
1069 3133 1103 3142 —
1122 3103 1308 3159 beneficiis

134 3173 233 3227 Zweclr
251 3174 331 3227 hatte
349 3172 491 3227 brouchen
508 3173 628 3230 konnen.
660 3189 694 3228 ex
747 3173 777 3226 iu
796 3172 943 3227 desselben
960 3172 1126 3243 Bedeutung
1149 3174 1203 3229 wie
1221 3190 1244 3231 o.
1264 3181 1309 3230 33.

134 3244 210 3300 steht
229 3245 332 3299 ebenso
351 3249 377 3312 2,
396 3250 425 3298 3:
444 3243 538 3314 Remi,
563 3246 612 3314 qui
630 3263 693 3314 pro·
749 3275 782 3284 -
815 3242 966 3313 cognitis
1006 3243 1077 3299 suis
1117 3245 1309 3314 postulatis

133 3314 204 3370 ximi
222 3314 332 3370 Galliae
351 3331 385 3369 ex
402 3315 496 3386 Belgis
516 3317 589 3370 sunt.
605 3347 637 3355 —
658 3318 695 3371 ut
747 3315 838 3370 libers.
863 3314 936 3368 nach
960 3332 981 3370 c.
1006 3320 1022 3368 3
1046 3334 1080 3369 nu
1103 3333 1126 3370 c.
1149 3334 1176 3371 u
1200 3316 1227 3372 d.
1250 3317 1310 3372 und

134 3386 289 3456 (abhdngig
311 3403 367 3440 von
390 3385 539 3455 exquisito)
564 3386 623 3446 bez.
650 3387 710 3441 die.
747 3386 822 3440 fore
847 3416 880 3424 -
907 3385 1093 3441 desisteret
1121 3387 1210 3444 iibere.
1235 3387 1309 3443 ohne

133 3457 222 3526 Folge
236 3474 285 3525 „so
299 3457 436 3511 dass“.-
450 3456 613 3512 circuitu:
629 3457 694 3514 Abi.
748 3456 983 3526 Umschreibung3
1024 3474 1082 3512 was
1118 3457 1310 3529 beubsiohtigt

134 3528 183 3583 des
190 3528 310 3582 Mittels:
325 3527 529 3583 mittolsteines
538 3529 694 3599 Umweges.
748 3528 806 3581 und
820 3527 941 3582 erreioht
955 3526 1004 3582 der
1013 3528 1116 3583 Rdmer
1129 3529 1217 3584 durch
1231 3529 1309 3585 disse

134 3629 168 3639 -
187 3599 276 3653 locis
294 3598 438 3667 apertis:
463 3597 575 3668 cigentl.
596 3600 633 3667 du
650 3616 693 3654 wo
747 3599 978 3654 umsohreibende
1010 3598 1178 3672 Wendung?
1211 3630 1245 3642 —
1282 3608 1309 3658 4.

135 3670 181 3723 die
200 3668 317 3738 Gegend
336 3671 404 3738 etc,
424 3669 448 3722 d
466 3669 493 3725 h.
514 3669 602 3724 durch
620 3689 694 3743 weg·
748 3670 903 3725 rereri—
919 3671 1098 3725 veniret—
1113 3672 1306 3726 venturum:

135 3757 221 3808 sume,
234 3740 302 3794 freie
317 3739 477 3809 degenden.
490 3771 523 3780 -
539 3739 690 3797 duceret:
747 3740 866 3797 beachte
889 3741 946 3795 und
970 3741 1079 3795 erkltre
1102 3741 1157 3797 deu
1176 3742 1310 3798 Weohsel

136 3829 156 3865 s.
179 3811 248 3865 tiber
266 3810 312 3865 die
330 3810 413 3866 Kreft
430 3811 478 3865 des
494 3811 571 3879 Conj.
587 3829 609 3866 o.
626 3819 641 3867 6
660 3832 694 3867 zu
748 3812 798 3866 der
825 3812 915 3879 Modi;
949 3811 995 3866 ein
1022 3812 1148 3879 gleicher
1175 3812 1309 3868 Weohsel

136 3882 309 3937 ducerentur.
329 3912 364 3921 —
382 3887 405 3936 5.
432 3882 572 3938 milibus
592 3914 625 3923 -
644 3885 693 3939 ri·
749 3883 847 3952 diuers,
873 3903 895 3937 z.
915 3884 945 3937 B.
972 3888 1001 3951 4,
1027 3888 1042 3936 7
1067 3900 1150 3952 posse
1169 3913 1202 3923 -
1227 3885 1310 3939 abtri-

134 3953 238 4023 ginti:
263 3952 332 4007 iiber
355 3953 410 4008 den
432 3953 548 4009 Ablutiv
572 3972 593 4009 s.
617 3973 693 4010 zue.
747 3955 837 4009 bunut
859 3985 893 3994 -
922 3953 1081 4008 concedere.
1106 3983 1140 3994 —
1167 3970 1230 4023 per
1257 3954 1309 4010 in-

134 4029 168 4077 43
188 4040 277 4092 aequo
296 4024 354 4078 fere
373 4024 473 4093 spatio.
750 4025 869 4080 sidius:
896 4024 937 4078 oft
960 4024 1030 4078 wird
1052 4025 1105 4078 mu
1126 4042 1177 4094 per
1195 4025 1241 4080 ein
1259 4027 1310 4080 ud·

170 4093 236 4163 Cap.
252 4101 293 4151 42.
315 4101 338 4152 1.
358 4094 397 4149 de
417 4094 606 4164 colloquio:
625 4097 696 4151 tiber
748 4096 897 4151 verbieller
910 4095 1058 4149 Ausdruclr
1072 4095 1132 4164 (der
1150 4096 1200 4151 dus
1214 4095 1313 4153 uitur

134 4164 179 4220 die
198 4166 362 4235 Bedeutung
385 4182 439 4220 von
463 4166 498 4221 de
522 4184 542 4220 s.
562 4184 585 4222 c.
607 4173 640 4220 14
661 4186 695 4221 uu
749 4168 816 4220 oder
843 4166 888 4221 die
910 4165 964 4220 Art
986 4185 1012 4223 u.
1036 4165 1130 4221 Weise
1158 4167 1229 4237 beu.)
1255 4168 1312 4224 mit

134 4236 159 4291 d.
184 4235 273 4290 Wort.
318 4236 420 4306 Heufig
441 4236 588 4291 verbindet
611 4236 695 4293 Odsur
749 4237 839 4292 einom
876 4236 1014 4307 gewissen
1046 4237 1216 4293 Nuchdruck
1247 4256 1310 4294 um-

132 4306 280 4360 trunsitive
298 4307 392 4361 Verbo
419 4308 526 4361 unstutt
553 4307 607 4361 mit
628 4311 693 4363 Ace.
748 4308 906 4375 schrieben,
930 4327 953 4361 z.
972 4309 1003 4363 B.
1028 4314 1057 4375 2,
1077 4315 1110 4363 31
1134 4326 1185 4379 per
1203 4311 1311 4366 cruciu-

112 4373 175 4426 mr‘t
191 4375 242 4427 de:
263 4377 319 4444 rgl.
344 4383 365 4444 7,
387 4384 402 4431 1
424 4377 559 4448 cognorit
578 4378 612 4434 de
632 4379 694 4436 Clo·
747 4381 811 4436 'oum
826 4379 958 4446 interfic13
981 4385 1059 4449 4,13
1083 4396 1134 4450 per
1152 4379 1249 4437 dolum
1266 4385 1335 4438 ae=
