2804 4778
481 206 549 284 ΜΒ.
568 230 602 284 v.
631 230 708 284 car.
729 237 843 286 11-13.
1185 230 1247 296 137

73 403 124 455 aut
143 413 211 454 aere
231 401 281 454 aut
299 394 383 454 taleis
402 397 508 456 serreis
528 396 563 456 ad
583 403 699 456 certum
717 397 833 475 pondus
854 397 1025 457 examinatis
1043 415 1099 476 pro
1113 398 1243 458 nummo.

72 483 211 544 Nascitur
234 482 275 542 ibi
298 482 452 562 plumbum
476 483 574 544 album
597 487 628 545 in
651 484 876 544 mediterraneis
899 484 1080 565 regionibus,
1102 487 1133 546 in
1156 489 1281 548 mari-'5

73 574 153 631 timis
177 572 304 650 lerrum,
333 573 384 633 sed
409 575 601 652 eius-exigua
630 582 676 633 est
704 575 801 653 copia,
829 591 896 633 aere
925 581 1051 633 utuntur
1078 576 1245 653 importato.

72 659 194 720 Materia
224 662 368 737 cuiusque
398 663 517 739 generis
545 671 578 722 ut
608 663 640 721 in
672 660 763 721 Gallia
795 668 841 721 est
873 669 991 740 praeter
1026 662 1125 740 lagum
1157 670 1244 741 atque

73 748 209 809 abietem.
253 747 398 827 Leporem
423 759 452 810 et
475 749 611 828 gallinam
630 758 659 809 et
683 767 818 810 anserem
837 757 957 828 gustare
980 750 1024 809 las
1047 768 1107 810 non
1125 759 1281 831 putant;o

73 837 147 897 baec
170 845 269 896 tamen
292 836 375 897 alunt
398 840 488 898 animi
510 839 727 917 voluptatisque
756 856 853 898 causa.
898 837 976 898 Loca
1006 847 1076 899 sunt
1099 847 1243 918 tempera·

73 927 149 985 liora
173 943 262 1003 quam
284 927 315 985 in
339 925 430 986 Gallia
453 926 675 987 remissioribus
698 926 867 1005 frigoribus.

165 1028 214 1092 13.
246 1031 345 1091 lnsula
377 1040 482 1093 natura
518 1036 677 1112 triquetra,
709 1035 795 1093 cuius
829 1051 921 1093 uncum
953 1032 1030 1092 latus
1062 1041 1108 1092 est
1140 1041 1244 1093 contra

73 1119 216 1179 Galliam·
240 1119 335 1180 Huius
359 1120 460 1181 lateris
484 1121 558 1181 alter
581 1120 715 1202 angulus,
739 1123 790 1198 qui
813 1129 859 1181 est
878 1121 912 1180 ad
934 1118 1078 1201 Cantium,
1102 1139 1161 1200 quo
1181 1122 1244 1181 lere

74 1226 177 1268 omnes
201 1226 237 1267 ex
261 1208 351 1268 Gallia
376 1228 464 1270 naves
488 1209 685 1289 appellantur,
709 1210 744 1270 ad
768 1212 913 1269 orientem
937 1209 1038 1291 solem,
1061 1210 1185 1269 inserior
1208 1210 1244 1269 ad

74 1296 228 1356 meridiem
252 1306 373 1375 spectat.
419 1297 483 1358 Hoc
506 1301 637 1376 pertinet
661 1300 780 1358 circiter
810 1298 888 1357 milia
911 1316 1052 1376 passuum
1076 1300 1282 1377 quingentas

73 1384 206 1444 Alterum
225 1387 320 1463 vergit
341 1387 375 1447 ad
395 1386 565 1466 Hispaniam
584 1394 673 1464 atque
692 1386 878 1446 occidentem
899 1385 1004 1466 solem3
1028 1404 1086 1464 qua
1105 1405 1141 1446 ex
1160 1395 1244 1465 parte

74 1482 119 1533 est
142 1473 304 1553 Hibernia,
320 1474 440 1535 dimidio
468 1477 578 1556 minor,
606 1483 640 1535 ut
667 1477 853 1555 aestimatur,
882 1492 969 1552 quam
996 1473 1161 1554 Britannia,
1191 1475 1244 1535 scd

73 1564 136 1640 pari
160 1564 254 1640 spatio
279 1566 470 1624 transmissus
494 1572 581 1642 atque
606 1583 642 1623 ex
666 1563 757 1623 Gallia
780 1571 826 1622 est
849 1565 879 1622 in
903 1562 1093 1623 Britanniam.
1130 1562 1164 1622 ln
1187 1563 1280 1625 boos
1328 1594 1335 1670 ,·

71 1650 170 1711 medio
195 1669 285 1711 cursu
305 1660 350 1712 est
373 1652 478 1732 insula,
501 1670 576 1730 quiae
596 1651 760 1731 appellatur
779 1651 877 1712 Mona:
901 1651 1069 1731 complures
1088 1658 1242 1730 praeterea

73 1738 359 1802 minores.obieotae
387 1740 501 1800 insulae
529 1743 749 1819 existimantur3
778 1740 814 1799 de
838 1738 1082 1818 quibusoinsulis
1111 1739 1244 1799 nonnulli

75 1829 261 1904 scripserunt
285 1827 348 1887 dies
363 1832 520 1889 continuos
540 1827 621 1887 XXX
644 1828 699 1888 sub
723 1827 829 1888 bruma
843 1846 908 1887 esse
928 1837 1054 1887 noctem.
1091 1826 1151 1887 Nos
1172 1827 1281 1888 nibil4

74 1914 109 1974 de
134 1933 169 1974 eo
193 1916 467 1993 percontationibus
490 1915 722 1997 reperiebamus
746 1917 803 1975 nisi
826 1918 917 1975 certis
938 1934 974 1975 ex
997 1919 1244 1992 aquamensuris

73 2001 225 2062 breviores
253 2021 318 2063 esse
348 2022 435 2082 qnam
463 2007 495 2064 in
526 2006 690 2065 continenti
719 2010 821 2063 noctes
851 2001 1030 2062 videbamus.
1076 2001 1172 2062 Huius
1200 2011 1280 2064 esto

73 2090 225 2169 longitudo
250 2089 360 2173 lateris,
383 2100 416 2152 ut
440 2093 497 2152 lert
520 2091 638 2152 illorum
657 2092 766 2172 opinio,
789 2089 860 2150 DCC
884 2090 1007 2151 milium.
1044 2090 1180 2151 Tertium
1199 2098 1281 2154 esto

74 2188 176 2238 contra
206 2182 438 2261 septentriones,
469 2181 518 2240 cui
545 2183 623 2259 parti
652 2179 733 2240 nulla
761 2187 805 2240 est
833 2178 949 2240 obiecta
978 2187 1070 2260 terra,
1097 2179 1149 2239 sed
1180 2180 1246 2240 eius

74 2417 96 2455 c.
108 2407 141 2454 43
157 2417 244 2468 casas,
264 2419 336 2470 quac
350 2419 427 2457 more
441 2402 549 2458 Gallico
563 2405 634 2457 stra·
687 2403 747 2473 pari
771 2403 862 2474 spatio
885 2403 923 2457 ist
940 2401 1245 2473 Eigenscbaftsablativ

72 2471 173 2525 mentis
189 2474 269 2525 erant
283 2476 384 2542 tectae,
399 2474 455 2527 und
470 2479 494 2541 6,
509 2479 544 2528 30
557 2474 633 2528 aedi·
687 2493 720 2528 nu
734 2474 876 2542 Hibernia,
887 2474 944 2528 und
957 2472 1181 2528 transmissus
1195 2474 1246 2527 der

72 2542 135 2596 ficio
155 2542 326 2598 circumdato
341 2545 420 2612 silua,
442 2546 474 2599 ut
492 2550 557 2599 sunt
574 2545 633 2599 fere
687 2545 800 2600 Genitiv
822 2562 877 2600 von
900 2545 991 2614 spatio
1014 2543 1170 2614 abbi'tngig3
1189 2560 1245 2598 von

73 2612 218 2667 domicilia
231 2612 382 2668 Gallorum.
394 2647 428 2655 -
443 2621 467 2670 4.
483 2619 541 2671 aui
555 2633 633 2670 acre
687 2616 812 2685 gleiohcr
826 2615 920 2670 Weiss
934 2615 984 2669 der
998 2614 1174 2681 Usbert'ahrt,
1191 2614 1246 2668 wie

72 2687 131 2737 aut
165 2684 271 2739 taleis
308 2684 449 2741 ferreis:
493 2688 635 2741 entweder
687 2687 797 2740 diceus
812 2686 1008 2741 Galliennucb
1023 2683 1245 2741 Britannionist.

72 2753 179 2823 Kupfer
192 2756 260 2810 oder
275 2756 449 2812 Eisensi'dbe.
472 2757 525 2811 Dis
538 2757 633 2812 Weid·
687 2757 744 2811 Der
763 2757 827 2811 Satn
846 2756 908 2825 gibi
931 2756 976 2810 ein
995 2754 1118 2824 Beispiel
1135 2754 1181 2808 fiir
1199 2754 1246 2808 dis

72 2826 223 2880 mannsche
236 2827 336 2896 Ausg.:
353 2827 545 2895 Utuntur(aut
558 2829 633 2895 aens)
686 2827 965 2896 Darstellungswcise
1002 2826 1051 2880 der
1081 2825 1245 2878 Aduerbial·

73 2899 122 2950 aut
139 2913 254 2949 nummo
274 2913 358 2951 aureo
377 2900 427 2951 aab
446 2899 495 2952 tal.
515 2899 579 2953 ferr.
598 2928 631 2938 —
688 2901 764 2952 sbtze
783 2898 833 2951 der
847 2900 899 2950 arc
919 2897 977 2950 und
990 2897 1093 2950 Weiss.
1112 2926 1147 2935 -
1165 2902 1190 2949 3.
1209 2896 1247 2949 In

58 2973 99 3032 Ἰ5.
118 2966 291 3034 plumbum
310 2968 438 3022 album:
458 2968 534 3023 Zinn.
554 2999 587 3008 -
608 2975 632 3023 6.
686 2969 748 3022 hoo
762 2999 797 3008 -
811 2985 921 3022 cursu:
940 2967 1033 3021 medio
1051 2966 1111 3020 iibs.
1126 2967 1199 3020 nach
1225 2973 1248 3033 1,

74 3037 170 3090 haec:
197 3039 265 3091 iiber
293 3039 342 3092 das
370 3038 464 3093 Genus
492 3040 579 3109 vergl.
608 3046 632 3107 1,
687 3045 721 3093 22
749 3056 783 3092 uu
809 3038 901 3108 prima
924 3038 999 3106 luce3
1028 3054 1123 3091 eursu:
1150 3037 1247 3105 Fabri,

73 3113 121 3175 40,
155 3112 170 3161 5
208 3126 242 3161 zu
280 3125 351 3176 quae
382 3108 564 3178 accepissent.
598 3141 632 3149 -
688 3109 830 3177 Seefahrt,
845 3109 1015 3164 Seeslresse:
1031 3107 1098 3176 „auf
1110 3107 1174 3162 dem
1186 3107 1248 3161 hal·

72 3178 181 3232 alunt:
195 3179 340 3235 balten-
359 3179 463 3234 animi
477 3182 632 3251 volupta-
686 3181 742 3235 ben
758 3180 874 3250 Wege“.
894 3209 929 3220 -
947 3179 1120 3234 obiectae:
1144 3178 1247 3232 densel-

71 3249 185 3318 iisque
212 3267 325 3304 eausa:
352 3251 402 3305 das
430 3251 546 3306 lctnters
573 3269 633 3306 ver·
686 3252 742 3306 ben
772 3251 848 3306 Seite
875 3249 1157 3321 gegendbsrliegend.
1193 3248 1247 3303 Dic

73 3319 214 3374 deutlicbt
231 3321 281 3376 das
296 3322 501 3377 umfussendere
516 3323 633 3391 animus,
687 3322 732 3376 W.
763 3322 796 3375 A.
828 3324 879 3377 hai
910 3320 1067 3392 subjectae:
1107 3320 1166 3374 sich
1198 3336 1247 3373 cn·

74 3408 121 3443 um
148 3390 208 3445 sich
236 3391 364 3462 (animus)
392 3392 437 3447 ein
465 3393 635 3463 Vergm'igen
688 3391 1058 3460 schlicsscnd,benachba1t.
1075 3421 1107 3431 -
1123 3391 1162 3445 de
1176 3390 1247 3459 qui-

72 3479 106 3514 zu
124 3462 252 3530 machen,
270 3462 349 3517 kuru:
375 3482 437 3517 uum
456 3463 633 3534 Vergniigen.
687 3465 749 3518 bus
777 3465 842 3518 etc:
872 3463 907 3516 de
935 3464 1011 3518 steht
1033 3462 1085 3515 wie
1112 3469 1135 3529 1,
1160 3468 1202 3530 14,
1222 3469 1248 3530 6,

72 3562 108 3571 -
126 3532 226 3586 Loca:
246 3532 347 3588 Klima.
367 3565 400 3574 -
426 3535 634 3589 remissiori·
688 3535 745 3588 und
765 3533 866 3603 Object
884 3552 919 3587 zu
937 3533 1107 3602 scripserunt
1129 3532 1247 3587 istesso

72 3603 133 3656 bus
165 3602 283 3669 (minden
309 3607 414 3675 sbreng)
443 3604 635 3674 frigoribus
688 3605 927 3660 noctem-sub
945 3603 1247 3659 brumarsubwbh·

76 3671 139 3726 sind
157 3673 220 3727 Abl.
240 3674 339 3739 absol,
364 3676 434 3730 iiber
459 3675 514 3730 den
537 3676 634 3730 Plurel
686 3675 762 3730 rend.
783 3705 816 3714 —-
840 3681 865 3729 4.
891 3674 1014 3729 nisi-
1032 3674 1245 3728 videbamus:

78 3742 155 3797 siebe
176 3749 199 3811 1,
220 3751 253 3796 16
271 3763 305 3798 zu
323 3745 428 3799 diesem
446 3746 552 3800 Worte.
688 3764 740 3800 nur
758 3746 808 3800 das
823 3745 893 3801 Eine
909 3746 995 3800 saban
1008 3745 1067 3799 wir.
1087 3775 1122 3783 -
1141 3743 1246 3797 certis

110 3813 633 3886 Cep.13.1.contra:gegendbcr.—
688 3847 722 3856 —
740 3817 921 3872 mensuris:
940 3815 985 3870 fiir
999 3834 1033 3870 cx
1050 3830 1123 3881 aqua
1141 3814 1247 3867 kbnnte

73 3885 114 3938 ad
134 3884 304 3939 Cantiumz
328 3887 364 3940 ad
383 3887 412 3940 in
431 3887 564 3942 ortlioher
582 3887 633 3942 Be·
688 3904 716 3942 es
735 3888 808 3942 auch
825 3888 955 3942 heissen‘?
979 3903 1013 3941 ex
1032 3883 1161 3952 aquaist
1179 3883 1247 3938 eber

73 3955 210 4025 dentung,
235 3960 308 4010 nach
333 3987 366 3996 -—
391 3975 433 4012 uu.
459 3989 493 3998 -
519 3975 633 4013 omnes
687 3975 742 4013 von
775 3959 860 4013 cesar
891 3960 1010 4028 gessum,
1043 3973 1091 4009 um
1121 3954 1247 4008 deutlich

74 4041 113 4079 ex
133 4026 248 4082 Gallia
271 4045 388 4082 navesx
413 4028 467 4083 mit
491 4029 568 4083 einer
594 4030 634 4084 im
687 4029 745 4083 und
770 4029 833 4084 klar
859 4029 1053 4083 bemortreten
1079 4043 1113 4078 au
1145 4025 1246 4092 lusson,

73 4097 107 4150 D.
134 4097 213 4152 nicht
239 4099 504 4154 nucbuuahmcnden
529 4101 633 4167 Kdrze3
686 4116 795 4154 woraus
814 4100 859 4153 die
873 4114 1019 4153 mensurae
1033 4095 1196 4150 bestanden.
1212 4126 1246 4134 -
1298 4105 1301 4111 '

73 4187 94 4222 s.
114 4174 144 4236 4,
169 4174 203 4222 33
227 4187 262 4222 zu
280 4185 314 4224 ex
332 4170 437 4224 essedis
479 4187 579 4240 ugnas.
599 4200 632 4211 -
688 4177 713 4224 5.
731 4173 769 4225 ub
786 4169 856 4224 fert
872 4169 1013 4223 illorum
1032 4167 1160 4236 opinio:
1178 4165 1247 4220 tiber
1305 4229 1319 4238 .‚

72 4238 455 4308 inferiorentsprichtdcm
499 4242 635 4298 ulten-
689 4240 734 4295 die
751 4240 919 4308 Bedeutung
944 4253 999 4292 von
1023 4239 1095 4292 ferre
1122 4237 1197 4292 siebe
1221 4243 1247 4305 4,
1353 4239 1355 4248 “

74 4316 99 4363 2.
120 4327 186 4378 qua
204 4327 243 4365 ex
261 4314 373 4380 parts:
393 4327 439 4380 ex,
459 4328 563 4366 von—
577 4329 635 4379 aus,
689 4317 737 4376 323
759 4311 850 4364 libers.
874 4309 946 4364 nach
971 4315 1000 4377 1,
1019 4315 1053 4362 22
1077 4327 1110 4362 zu
1132 4310 1165 4362 ut
1187 4309 1249 4363 erui

76 4380 102 4434 d.
130 4380 148 4434 i.
177 4381 233 4438 auf.
262 4413 296 4422 -
323 4381 398 4451 pari
426 4382 540 4452 spatio
568 4385 635 4440 eto:
689 4382 885 4454 praeceptum.
