2804 4778
152 214 194 279 18
554 215 602 269 DE
621 213 739 269 BELLO
759 213 913 269 GALLICO

150 383 236 462 regni
260 381 410 443 obtinendi
428 383 543 462 venire,
566 383 690 460 imperio
714 379 815 460 populi
834 381 957 441 Romani
976 399 1035 441 uon
1055 381 1140 441 modo
1160 380 1196 441 de
1216 399 1322 461 regno,

96 480 132 532 10
152 470 205 532 sed
229 473 316 531 etiam
338 471 375 530 de
399 489 442 551 ea,
466 488 552 549 quam
576 469 691 550 babeat,
714 472 807 548 gratia
826 470 993 550 desperare.
1034 469 1211 549 Reperiebat
1230 473 1322 531 etiam

150 562 182 620 in
214 559 382 639 quaerendo
415 558 535 639 Caesar,
566 558 645 636 quod
674 558 820 637 proelium
853 566 991 637 equestre
1025 559 1180 619 adversum
1215 562 1320 638 paucis

150 657 219 709 ante
242 648 346 709 diebus
370 656 450 708 esset
472 648 596 727 factum,
623 649 741 708 initium
764 649 828 707 eius
856 647 941 726 fugae
965 648 1074 709 factum
1098 666 1114 708 a
1137 646 1320 728 Dumnorige

150 746 238 816 atque
266 739 330 798 eius
359 735 510 815 equitibus
535 729 617 818 (nam
644 737 802 816 equitatui,
830 754 917 814 quern
946 734 1054 797 auxilio
1078 736 1195 797 Caesari
1223 737 1320 798 Aedui

149 828 300 906 miserant,
318 824 481 885 Dumnorix
499 819 662 904 praeerat):
685 842 789 884 eorum
813 824 880 904 fuga
900 824 1046 903 reliquum
1066 843 1131 885 esse
1153 827 1321 903 equitatum

149 917 352 994 perterritum.
681 922 683 926 ’

240 999 291 1064 19.
315 1002 430 1074 Quibus
448 1001 539 1063 rebus
558 1003 692 1081 cognitis,
715 1020 783 1062 curn
806 1001 841 1061 ad
860 1001 913 1061 has
932 1004 1115 1082 suspiciones
1134 1005 1320 1064 certissimae

149 1111 198 1152 res
222 1092 411 1172 accederent,
440 1091 518 1169 quod
541 1109 595 1170 per
623 1091 697 1151 fines
728 1090 934 1169 Sequanorum
956 1090 1106 1151 Helvetios
1129 1091 1320 1173 traduxisset,

150 1180 229 1259 quod
253 1178 371 1240 obsides
394 1182 471 1240 inter
495 1198 546 1240 eos
569 1179 680 1240 dandos
704 1186 847 1260 curasset,
871 1179 949 1258 quod
974 1197 1006 1238 ea
1026 1181 1124 1239 omnia
1147 1199 1205 1240 nou
1230 1181 1318 1242 modo

148 1271 265 1329 iniussu
289 1287 343 1329 suo
368 1277 398 1328 et
421 1270 555 1349 civitatis,
578 1268 630 1328 sed
654 1271 743 1329 etiam
768 1267 964 1328 inscientibus
987 1271 1059 1347 ipsis
1083 1269 1214 1349 fecisset,
1239 1269 1319 1346 quud

150 1376 166 1417 a
192 1359 361 1441 magistratu
384 1356 554 1417 Aeduorum
578 1365 777 1437 accusaretur,
801 1359 872 1418 satis
895 1375 961 1417 esse
980 1375 1085 1417 causae
1109 1357 1320 1439 arbitrabatur,

151 1464 242 1525 quare
265 1449 295 1507 in
320 1464 388 1506 eum
411 1454 462 1506 aut
484 1448 547 1526 ipse
571 1445 819 1506 animadverteret
842 1452 893 1506 aut
913 1447 1060 1514 ciuitatem
1083 1446 1319 1507 animadvertere

115 1545 131 1593 2
151 1534 275 1596 iuberet.
312 1534 366 1595 His
385 1533 521 1595 omnibus
541 1533 630 1596 rebus
649 1552 742 1595 unum
761 1532 953 1613 repugnabat,
967 1535 1045 1613 quod
1065 1532 1198 1596 Divitiaci
1217 1535 1320 1596 fratris

151 1642 299 1684 summum
326 1625 357 1683 in
385 1623 528 1703 populum
555 1623 720 1683 Romanum
753 1623 896 1702 studium,
925 1641 1068 1683 summam
1095 1625 1127 1682 in
1155 1642 1186 1684 se
1215 1625 1319 1688 volun·

150 1721 249 1793 tatem,
273 1714 421 1792 egregiam
439 1712 536 1793 fidem,
554 1713 705 1793 iustitiam,
723 1714 947 1790 temperantiam
966 1719 1155 1790 cognoverat:
1180 1730 1255 1793 nam,
1279 1732 1320 1774 ne

114 1811 130 1859 3
150 1803 215 1862 eius
234 1801 379 1880 supplicio
398 1800 532 1861 Divitiaci
556 1803 685 1861 animum
705 1799 877 1881 offenderet,
895 1800 1061 1861 verebatur.
1102 1800 1204 1879 ltaque
1223 1804 1320 1883 prius,

148 1908 236 1969 quam
260 1892 417 1970 quicquam
441 1897 612 1970 conaretur,
640 1888 813 1949 Divitiacum
837 1889 873 1949 ad
897 1907 929 1949 se
952 1892 1050 1950 vocari
1077 1888 1160 1950 iubet
1183 1898 1213 1950 et
1241 1894 1315 1951 coti·

148 1978 242 2039 dianis
264 1977 478 2058 interpretibus
501 1981 623 2039 remotis
649 1996 704 2057 per
728 1976 758 2037 C.
782 1977 929 2038 Valerium
952 1977 1126 2057 Procillum,
1148 1981 1317 2058 principem

149 2066 255 2129 Galliae
278 2069 461 2149 provinciae,
489 2067 661 2127 familiarem
685 2084 785 2147 suum,
814 2068 862 2127 cui
890 2085 1034 2127 summam
1058 2069 1190 2127 omnium
1213 2086 1318 2128 rerum

111 2155 237 2217 isidem
259 2155 394 2238 habebat,
417 2175 487 2216 curn
509 2174 544 2217 eo
568 2155 759 2235 colloquitur:
783 2155 871 2216 simul
894 2156 1127 2236 commonefacit,
1151 2173 1225 2233 quae
1249 2159 1318 2237 ipso

148 2254 305 2324 praesente
329 2248 360 2304 in
379 2244 503 2304 concilio
524 2243 673 2304 Gallorum
691 2244 728 2306 de
747 2243 927 2324 Dumnorige
947 2247 1007 2305 siut
1025 2244 1160 2324 dicta,=et
1178 2245 1321 2326 ostendit,

89 2464 90 2470 '
148 2467 306 2537 imperio:
323 2468 386 2531 iibs.
401 2468 427 2522 d.
442 2467 505 2522 Abl.
521 2467 607 2523 durch
624 2467 705 2523 einen
758 2485 824 2523 ree:
839 2467 1025 2522 Thatsuchen.
1039 2497 1070 2508 -·
1087 2468 1175 2536 quod
1189 2470 1241 2525 etc.
1253 2468 1319 2524 sind

148 2538 403 2609 Bedingrmgssaba‚
427 2539 501 2595 denn
529 2556 559 2593 er
582 2539 620 2594 ise
645 2542 704 2595 ent·
758 2539 897 2592 Erkltrun
918 2539 1006 2592 ambae
1025 2556 1059 2592 zu
1077 2554 1128 2594 rea.
1161 2539 1253 2594 Ueher
1271 2540 1318 2596 die

147 2611 347 2679 gegengeeetat
368 2611 434 2665 dem
453 2609 482 2666 Si
501 2610 568 2680 quid
586 2610 704 2665 accidat.
759 2608 849 2664 Sache
867 2556 924 2679 vgi.
943 2625 965 2664 c.
982 2615 1005 2662 9.
1029 2608 1121 2664 Ueber
1134 2609 1179 2665 die
1189 2609 1320 2666 Wieder-

147 2682 211 2751 Vgl.
231 2681 299 2735 iiber
317 2681 342 2735 si
360 2712 393 2720 —
414 2680 524 2736 accidat
542 2683 592 2737 dae
610 2700 644 2736 ιιι
663 2681 705 2735 in·
757 2680 865 2751 holung
886 2697 942 2735 von
966 2679 1040 2748 quod
1064 2699 1084 2734 s.
1103 2686 1132 2749 5,
1152 2687 1168 2735 6
1186 2700 1219 2736 zu
1239 2683 1318 2752 eupi-

46 2768 49 2778 ·
148 2751 287 2807 commodi
301 2769 324 2807 c.
340 2759 373 2808 13
387 2753 544 2809 Bemerkte.
559 2783 592 2793 -
614 2759 655 2807 10.
671 2752 705 2806 in
759 2751 833 2806 dum.
853 2782 886 2791 -
906 2750 990 2821 ipsis
1009 2751 1036 2804 d.
1055 2751 1073 2804 i.
1094 2750 1210 2807 Caesare
1229 2755 1259 2808 el
1278 2753 1318 2808 ci·

148 2824 356 2892 quaerendo:
374 2823 405 2878 in
418 2824 471 2879 mit
489 2824 553 2879 dem
566 2824 629 2879 Abl.
643 2839 704 2878 ver·
758 2821 1015 2877 uteie=civihua
1029 2838 1090 2876 -a
1104 2823 1319 2893 magistratu

146 2895 211 2949 crite
229 2893 272 2949 oft
289 2894 372 2950 einen
390 2896 521 2950 causalen
536 2895 708 2962 Nebenoata,
758 2893 964 2948 Aeduorum:
979 2893 1042 2948 dem
1051 2893 1243 2963 Vergobreten
1257 2895 1317 2951 Lie-

147 2966 205 3020 also
220 2991 254 3011 ==
268 2984 354 3034 quum
369 2969 523 3035 quaereret,
536 2966 590 3021 wie
604 2964 665 3021 Cas.
676 2971 702 3032 2,
759 2965 886 3020 cua-in
900 2963 1318 3023 eum-animadverteret:

150 3042 180 3090 15
201 3038 271 3107 sagb.
288 3068 322 3077 -
341 3038 431 3106 quod
447 3037 618 3107 proelium
637 3038 704 3092 etc:
757 3036 787 3090 in
805 3036 930 3105 aliquem
944 3035 1177 3090 animadvertere:
1195 3036 1317 3092 lementi

146 3107 216 3161 iiber
240 3108 316 3176 quod
333 3127 360 3166 ‚a
385 3126 406 3164 c.
433 3115 465 3163 13
491 3127 527 3162 ιιι
550 3106 630 3173 Quod
652 3106 705 3160 im·
757 3107 906 3162 besbrafen.
925 3137 962 3147 —
979 3111 1003 3161 2.
1023 3105 1317 3232 Hie—repugna-

146 3177 271 3248 provie03
295 3178 341 3232 fiir
362 3179 447 3250 fugae
466 3180 613 3234 erwartete
636 3195 703 3232 man
757 3179 830 3232 hal:
872 3177 968 3232 diesen
1000 3177 1197 3233 abmmtlichen
1252 3180 1318 3235 hab

146 3249 259 3318 proelii;
274 3249 346 3305 doch
361 3252 426 3320 sagi
440 3249 525 3305 (ibaar
538 3249 631 3320 fugae,
640 3249 705 3303 weil
739 3249 861 3304 'cuchen
898 3247 953 3318 (die
984 3267 1032 3302 zur
1063 3248 1231 3320 Bestrafnng
1268 3251 1320 3307 des

146 3320 196 3378 das
209 3320 338 3390 Ungltick
355 3321 386 3375 in
403 3321 497 3392 jenem
510 3319 705 3375 Reitertreffen
758 3319 912 3375 Dumnorix
934 3319 1134 3389 aufforderten)
1158 3321 1239 3375 eund
1263 3339 1317 3376 nur

146 3391 241 3446 durch
259 3392 305 3447 die
327 3392 430 3447 Fluchb
455 3391 621 3447 enbtanden
646 3408 705 3445 war
759 3391 808 3446 das
830 3390 915 3457 Eine,
939 3391 988 3445 der
1006 3390 1068 3446 eine
1087 3391 1238 3460 Umstand‚
1257 3396 1317 3448 enb

146 3463 203 3517 und
231 3463 317 3518 Cbeur
344 3463 404 3519 dies
432 3463 503 3518 eben
529 3461 705 3516 bestimmten
758 3478 857 3545 gegen.
876 3493 910 3501 —
936 3461 1100 3517 studium:
1122 3463 1321 3533 Anhanglich-

146 3533 314 3590 bezeichnen
337 3534 404 3588 will.
446 3532 601 3604 Uebrigens
628 3533 704 3588 eiehe
757 3533 824 3587 ken.
849 3563 882 3572 -
905 3532 1135 3588 voluntatem:
1161 3533 1318 3590 Wohlwol-

144 3605 214 3660 iiber
239 3605 284 3660 die
302 3603 539 3659 unverbundenen
557 3603 705 3674 AdJ‘ectiva
757 3604 816 3670 len3
841 3623 875 3657 zu
891 3603 927 3658 in
946 3621 980 3659 se
998 3604 1064 3675 fiige
1083 3603 1129 3658 ein
1146 3604 1220 3659 Part.
1240 3605 1333 3662 Poris

147 3678 274 3745 equestre
289 3676 438 3731 adversum
451 3681 477 3744 2,
491 3680 525 3729 29
545 3693 579 3728 zu
597 3674 704 3744 duplici
756 3675 832 3729 Pass.
847 3706 881 3714 —
895 3673 1064 3730 Diviciaci
1083 3674 1241 3730 animum:
1261 3677 1319 3733 deu

146 3747 283 3802 altissimo
302 3762 390 3800 muro.
757 3745 924 3812 Divitiacum
943 3747 1048 3813 merke,
1067 3746 1130 3800 dass
1145 3746 1254 3801 animus
1273 3749 1317 3805 oft

172 3818 287 3887 duple.
301 3814 461 3882 LQuibue
474 3816 574 3871 rebus
590 3815 702 3888 cogni·
757 3817 1321 3890 zurUmschreibungdient.-,3.prius,

144 3889 203 3942 bis:
223 3887 302 3942 ziehe
321 3886 351 3940 in
365 3885 455 3941 dieser
467 3887 561 3957 htufig
574 3887 703 3943 vorkom·
757 3905 856 3956 quarn
880 3918 914 3927 -
938 3890 1135 3943 conaretur:
1164 3888 1234 3944 iiber
1262 3891 1321 3947 den

144 3958 265 4013 menden
282 3956 492 4013 Periodenform
515 3958 570 4013 den
586 3958 702 4014 Partici·
758 3959 834 4030 Oonj.
854 3977 874 4013 s.
894 3965 924 4028 2,
940 3966 972 4012 12
992 3977 1025 4012 zu
1038 3958 1201 4027 priusquam
1220 3991 1255 4000 —
1274 3978 1318 4017 rc·

144 4029 264 4101 pialsaiu
277 4028 307 4083 in
321 4029 375 4084 den
388 4027 441 4084 mit
454 4029 503 4084 der
518 4029 703 4099 Conjunebion
757 4031 888 4100 cipereni.
908 4061 941 4069 -
966 4047 1137 4084 summam:
1162 4031 1261 4086 velles.
1281 4063 1320 4073 -

144 4099 343 4242 filiiflii
357 4100 528 4227 libitia
547 4101 584 4226 il
602 4118 703 4227 tuti
757 4101 1129 4242 ididiabrfffufifaf·
1148 4103 1321 4232 leuati*

141 4242 616 4314 verdbchtigendenllmatitndenu.
627 4262 703 4312 avr,
756 4274 789 4282 —
809 4249 834 4298 4.
853 4243 954 4297 simul
971 4243 1009 4298 iet
1026 4243 1079 4298 mit
1093 4246 1122 4299 eb
1140 4244 1264 4302 ostendit
1282 4264 1318 4301 an

135 4314 209 4367 oder
226 4315 316 4371 tibere.
333 4315 421 4370 durch
442 4315 523 4371 einen
538 4315 701 4370 selbststitn·
756 4313 921 4383 verbinden3
932 4315 1169 4370 commonefacere
1179 4318 1208 4371 et
1222 4319 1320 4373 osten·

122 4381 212 4449 driven
239 4384 325 4442 Sata:
364 4387 427 4442 dies
455 4388 518 4445 also
552 4387 635 4445 herbe
665 4404 703 4444 er.
758 4385 824 4441 dere
840 4402 1000 4442 zusammen
1015 4385 1245 4455 ielGegenstand
1265 4389 1320 4447 des
