2804 4778
177 215 241 280 186
579 215 628 270 ΒΕ
646 213 766 269 ΒΕΙιΙιΟ
786 214 943 271 GALLIOO

176 403 192 444 a
215 385 358 445 finitumis
380 400 501 443 rumore
525 390 575 442 aut
598 383 674 442 lama
697 383 858 460 acceperit,
880 383 925 442 uti
948 380 984 441 ad
1007 382 1210 460 magistratum
1234 382 1352 443 delerat

140 482 249 533 2neve
278 491 346 533 cum
373 490 432 550 quo
461 471 517 531 alio
545 473 757 544 communicet,
785 470 864 549 quod
893 488 980 548 saepe
1010 468 1145 530 homines
1172 473 1351 531 temerarios

176 571 263 640 atque
292 563 446 639 imperitos
473 560 553 621 salsis
582 558 753 620 rumoribus
781 561 890 619 terreri
917 568 947 619 et
974 559 1009 619 ad
1037 558 1151 619 lacinus
1178 559 1291 638 impelli
1321 567 1352 622 et

139 650 212 711 ede
249 652 372 711 summis
405 648 495 709 rebus
532 647 688 709 consilium
725 665 830 727 capere
867 649 1019 726 cognitum
1051 655 1125 709 est·
1158 647 1351 727 Magistratus

176 758 251 818 quae
275 740 337 799 visa
356 746 426 799 sunt
449 737 612 817 occultant,
636 754 770 815 quaeque
789 754 855 796 esse
876 754 912 796 ex
930 754 988 796 usu
1005 735 1225 815 iudicaverunt,
1247 735 1352 798 multi-

176 827 272 888 tudini
295 827 434 906 produnt.
480 825 522 886 lle
546 843 579 886 rc
602 825 720 904 publica
743 826 801 885 uisi
827 843 882 903 per
905 824 1064 885 concilium
1092 824 1173 903 loqui
1195 843 1256 885 non
1279 844 1352 886 con-

176 915 302 976 ceditur.

265 1001 317 1065 21.
350 1002 489 1063 Germani
522 1001 647 1063 multum
679 1001 715 1062 ab
748 1001 803 1062 hac
834 1003 1048 1063 consuetudine
1078 1003 1227 1063 differunt.
1273 1003 1350 1064 Nam

176 1111 274 1172 neque
304 1092 426 1153 druides
456 1090 578 1172 hahent,
608 1093 659 1169 qui
690 1090 780 1151 rehus
810 1091 917 1151 divinis
939 1093 1085 1171 praesint,
1115 1108 1212 1169 neque
1237 1093 1349 1152 sacriti-

140 1184 230 1243 2eiis
254 1181 384 1242 student.
430 1179 560 1240 Deorum
582 1197 708 1240 numero
731 1197 782 1240 eos
806 1179 884 1239 solos
908 1179 1034 1259 ducunt,
1063 1198 1137 1258 quos
1160 1188 1291 1241 cernunt
1320 1189 1351 1241 et

177 1288 304 1347 quorum
335 1277 437 1347 aperte
468 1268 574 1348 opibus
605 1270 757 1347 iuvantur,
788 1267 887 1328 Solem
918 1276 949 1329 et
970 1267 1133 1329 Vulcanum
1162 1276 1193 1329 ct
1223 1267 1349 1349 Lunam,

140 1370 157 1418 3
176 1358 308 1437 reliquos
331 1375 368 1418 nc
392 1358 468 1418 lama
492 1357 611 1436 quidem
634 1364 823 1436 acceperunt.
868 1355 934 1417 Vita
965 1359 1061 1417 omnis
1088 1359 1119 1417 in
1141 1357 1349 1418 venationibus

177 1456 264 1525 atque
292 1448 324 1508 in
352 1446 459 1507 studiis
487 1449 532 1506 rei
555 1445 690 1506 militaris
714 1446 863 1506 consistit:
891 1444 927 1505 ah
954 1445 1085 1525 parqus
1111 1444 1206 1506 labori
1236 1465 1270 1507 ac
1295 1447 1348 1507 dn·

140 1536 262 1596 critiae
286 1535 415 1597 student.
462 1534 520 1606 Qui
543 1535 709 1595 diutissime
732 1532 903 1613 impuberes
926 1543 1166 1614 permanserunt,
1190 1537 1348 1595 maximam

176 1626 255 1685 intcr
284 1642 354 1685 suos
382 1625 483 1684 ferunt
509 1623 640 1703 laudem3
672 1623 728 1683 hoc
756 1623 793 1682 ali
820 1631 977 1703 staturam,
1010 1623 1048 1682 ali
1074 1625 1152 1683 vires
1180 1641 1349 1703 nervosque

140 1723 156 1772 u
176 1712 345 1773 confirmari
366 1720 481 1792 putant.
527 1711 607 1773 lntra
631 1729 741 1771 aunum
764 1729 834 1771 vero
858 1713 1030 1772 vicesimum
1061 1712 1187 1771 leminae
1212 1714 1351 1773 notitiam

174 1800 314 1862 hahuisse
344 1803 376 1862 in
404 1802 584 1880 turpissimis
611 1798 722 1861 habent
749 1800 852 1880 rebus3
882 1802 967 1861 cuius
995 1801 1039 1860 rei
1066 1799 1146 1861 nulla
1175 1808 1223 1861 est
1249 1801 1349 1862 occul·

175 1892 261 1969 tatio,
285 1889 363 1968 quod
388 1899 417 1950 et
439 1891 609 1968 promiscue
632 1891 664 1949 in
686 1888 857 1972 huminibus
879 1888 1059 1967 perluuntur
1082 1896 1112 1949 et
1138 1888 1266 1968 pellibus
1299 1896 1352 1951 aut

175 1980 275 2059 parvis
302 1979 471 2039 rhenonum
498 1980 667 2058 tegimentis
697 1985 822 2038 utuntur
852 1995 956 2056 magna
983 1979 1118 2057 corporis
1148 1985 1233 2056 parte
1260 1978 1352 2039 nuda.

174 2185 353 2240 einschieben
383 2188 503 2238 miissen.
548 2184 609 2238 Den
634 2183 730 2238 Grund
784 2183 859 2250 dias,
882 2184 955 2238 also:
980 2183 1031 2238 auf
1051 2184 1115 2238 dem
1133 2184 1232 2252 wege,
1256 2184 1349 2239 durch

174 2257 224 2312 der
245 2255 429 2310 lateinischen
452 2254 581 2325 Stellung
602 2273 623 2310 a.
645 2262 668 2322 1,
689 2262 731 2320 13,
785 2255 835 2309 dus
855 2253 949 2324 Organ
967 2256 1043 2310 einer
1061 2255 1297 2325 Versammlung.⁸

70 2344 77 2359 ·
174 2334 249 2381 nnn
272 2327 349 2395 quod
369 2326 425 2394 ipsi
444 2325 601 2381 -lecisse
622 2356 655 2364 —
679 2343 731 2378 ru·
821 2325 887 2396 Cup.
902 2332 945 2381 21.
975 2333 998 2381 1.
1018 2326 1143 2382 ubhae
1162 2326 1348 2381 consuetu·

173 2414 264 2452 more
291 2398 350 2451 unt
380 2397 481 2450 fama:
515 2396 639 2450 Geriicht
665 2397 732 2451 oder
785 2396 877 2452 dine:
901 2397 1261 2466 s.1,9nueacivitete;
1286 2398 1345 2468 vgl.

150 2468 259 2538 ,Sagm
275 2468 355 2537 jenes
368 2467 406 2521 ist
419 2467 465 2521 die
479 2467 604 2535 unklere,
619 2467 731 2535 dunkle‚
787 2475 815 2534 1,
842 2473 875 2521 31
903 2484 995 2536 neque
1020 2469 1092 2522 hanc
1116 2468 1347 2524 consuetudinem

175 2539 218 2593 nit
239 2538 404 2607 heimliche,
427 2538 516 2593 dieses
539 2538 666 2608 dagegen
686 2538 731 2593 die
784 2538 875 2593 victus
900 2555 964 2593 cum
988 2538 1040 2593 ille
1065 2539 1290 2609 comparendum.
1310 2568 1346 2581 -

174 2609 263 2664 offerre
281 2629 307 2664 ιι.
326 2610 404 2664 leuto
421 2609 637 2680 Fortpllanzung
655 2608 730 2663 einer
783 2625 892 2678 neque
920 2610 1110 2666 sacrificiis
1138 2610 1283 2666 student
1309 2610 1347 2666 ist

173 2680 336 2736 Nochrioht.
358 2681 396 2734 Ea
410 2680 474 2735 sind
487 2679 554 2735 eber
566 2681 641 2735 wohl
655 2679 730 2734 dieue
784 2679 924 2736 nutiirlich
942 2680 1021 2735 nicht
1034 2681 1074 2735 im
1088 2682 1245 2752 strengsten
1260 2681 1348 2737 Sinne

173 2752 293 2822 Begriffe
316 2769 346 2806 so
369 2752 464 2806 scheri
483 2752 562 2806 nicht
585 2771 619 2806 nu
642 2751 731 2806 schci·
785 2769 820 2805 nu
842 2751 977 2819 nehmen3
1001 2753 1075 2808 tibur
1099 2752 1139 2807 sie
1161 2752 1259 2808 hulten
1279 2753 1349 2808 oder

173 2823 236 2888 den,
249 2824 373 2878 sondern
390 2823 488 2878 stehen
501 2822 530 2877 in
544 2822 668 2892 gleicher
680 2822 731 2877 Be·
784 2822 875 2892 geben
898 2822 977 2878 nicht
998 2823 1056 2877 viel
1078 2823 1128 2878 aul
1152 2822 1245 2892 Opfer.
1265 2854 1301 2864 -
1321 2830 1347 2878 2.

173 2896 306 2965 deutung.
344 2895 429 2949 Otsar
450 2896 512 2962 hat,
536 2911 584 2948 um
607 2895 662 2948 den
678 2895 731 2946 Be·
784 2894 1347 2964 numero—ducuntrvgl.c.sszu

173 2965 240 3036 griff
255 2966 304 3020 des
322 2965 559 3033 Unbestimmten,
577 2965 732 3019 Unsichern
784 2964 908 3019 hostium
935 2995 969 3005 —
994 2981 1118 3022 numero.
1141 2995 1175 3005 -
1203 2981 1348 3035 quorum

173 3036 392 3092 nochdriiclrlich
410 3055 445 3090 zu
461 3036 644 3102 bezeichnen,
662 3035 731 3090 nwei
784 3038 901 3105 operte
934 3035 1070 3105 opibus:
1103 3037 1185 3092 echte
1217 3036 1269 3092 auf
1299 3037 1347 3092 die

173 3107 355 3162 Substantira
371 3108 487 3176 gesctnt,
505 3104 558 3161 wie
577 3123 607 3161 er
624 3107 654 3160 in
673 3106 730 3160 die·
784 3106 913 3177 Stellung
937 3124 993 3161 von
1016 3112 1126 3177 aperte,
1153 3107 1287 3163 wodurch
1317 3124 1348 3162 en

174 3195 232 3233 sem
250 3178 330 3232 Folle
348 3179 419 3232 cuch
437 3194 474 3231 nn
497 3176 602 3232 andern
624 3175 731 3232 Stellen
783 3178 1013 3247 hervorgehoben
1025 3178 1104 3236 wind.
1123 3208 1157 3220 -·
1175 3179 1349 3248 reliquos:

172 3249 291 3317 gethan,
313 3250 401 3317 vergi.
421 3267 443 3301 z.
462 3248 493 3303 B.
514 3254 543 3314 1,
566 3253 609 3302 20.
633 3253 680 3313 313
704 3254 729 3315 2,
784 3248 860 3303 siehe
878 3249 1031 3316 chnud.
1047 3250 1090 3304 W.
1110 3280 1144 3290 -
1163 3254 1189 3305 3.
1208 3250 1250 3304 ub
1268 3267 1350 3319 pnr-

173 3325 221 3384 343
239 3324 265 3384 3,
283 3323 308 3375 8.
340 3319 397 3372 Der
414 3318 560 3372 Annchme
577 3318 668 3372 dieser
680 3318 730 3372 Er·
783 3318 885 3373 vulis:
904 3319 1024 3375 welches
1042 3319 1081 3375 ist
1098 3321 1148 3375 das
1165 3319 1347 3376 Verhtltniss

172 3389 294 3458 kltrung
311 3389 388 3443 steht
404 3389 484 3443 nicht
501 3385 559 3444 aht
576 3388 652 3444 fama
669 3390 729 3444 ent·
783 3389 874 3444 dieses
889 3391 985 3444 Setzes
1004 3409 1037 3445 nu
1055 3392 1120 3447 dem
1137 3392 1346 3461 vorhergehcn-

785 3461 858 3587 ua

239 3548 305 3583 ιιι
540 3549 573 3600 gr
663 3549 712 3586 urc
876 3550 937 3601 s,
992 3551 1349 3590 zuunerrs.-.er

173 3604 231 3669 aut,
249 3596 277 3670 ἤ,
295 3601 353 3655 und
366 3601 455 3655 durch
468 3605 506 3668 et,
524 3603 582 3672 καί,
601 3601 731 3670 senemr,
786 3632 819 3643 -
839 3603 898 3658 ali:
922 3622 943 3658 s.
962 3608 992 3670 5,
1011 3610 1027 3656 6
1046 3551 1244 3674 nupcupidunu
1267 3635 1301 3647 *-
1321 3609 1348 3663 5.

173 3673 215 3727 uls
234 3673 285 3726 wir
302 3690 337 3726 nu
354 3673 425 3728 thuu
441 3673 560 3743 pflegen.
579 3705 613 3712 -
632 3672 731 3727 uti-
785 3674 894 3728 Intro:
909 3674 982 3744 sigi
995 3691 1045 3730 vor
1059 3676 1188 3731 d.20ten.
1203 3705 1236 3716 -
1251 3692 1348 3735 venor

172 3760 268 3799 neve:
286 3744 343 3813 vgl.
364 3750 389 3813 2,
407 3751 441 3798 21
461 3746 628 3814 cohortatus,
647 3761 733 3813 quam
785 3745 912 3801 vellendo
935 3747 1009 3801 uber.
1047 3745 1142 3816 Vergl.
1162 3753 1192 3816 2,
1212 3752 1246 3802 27
1265 3765 1301 3801 nn
1320 3747 1349 3805 d.

172 3815 216 3869 nti
233 3845 267 3856 -·
285 3815 438 3871 retinerent
461 3833 516 3870 nen
538 3816 733 3885 perturboren·
785 3815 830 3871 W.
856 3846 890 3857 —
916 3817 1091 3873 habuisse:
1119 3817 1170 3872 vrir
1194 3816 1268 3872 euch
1295 3817 1348 3874 dns

173 3889 227 3941 tur.
253 3917 288 3926 -
316 3892 340 3941 2.
369 3887 496 3943 terreri
528 3918 562 3926 -
594 3886 732 3954 impelli
785 3888 877 3942 Praes.
901 3918 935 3927 -
960 3888 1165 3944 occultatio:
1188 3905 1209 3944 s.
1229 3895 1349 3956 2,c‚2

172 3958 264 4012 iibere.
288 3957 393 4012 mediol
417 3957 484 4013 oder
507 3956 629 4012 reflexiv.
648 3987 682 3995 -
706 3963 731 4012 3.
786 3977 822 4012 zu
845 3958 1006 4028 opugnetio.
1031 3989 1065 4000 ·-
1084 3960 1271 4015 rhenonum
1293 3961 1350 4015 te·

173 4044 263 4096 quae
284 4028 360 4084 visu
383 4031 475 4083 sunt:
498 4027 733 4082 nhmlichoccul·
786 4028 961 4098 gimentis:
994 4030 1020 4084 d.
1052 4030 1071 4085 i.
1104 4029 1149 4085 die
1180 4029 1350 4101 tegimenta,

171 4099 242 4166 tere,
256 4100 347 4154 iibere.
358 4099 548 4168 „nachihrem
557 4099 731 4154 Ermessen“.
786 4099 892 4155 welche
913 4100 958 4155 die
975 4102 1113 4156 rhenones
1131 4101 1238 4168 bilden3
1257 4101 1350 4159 rheno

173 4200 207 4209 —-
227 4186 265 4224 cx
282 4188 357 4232 usn:
376 4188 397 4226 s.
415 4177 438 4239 1,
456 4176 500 4240 30,
518 4176 543 4226 2.
563 4200 596 4211 -
616 4169 731 4230 nisii—
786 4171 832 4225 ein
854 4171 1009 4239 Pelnkleid,
1037 4172 1087 4228 das
1113 4171 1263 4228 Schultern
1289 4174 1351 4229 und

172 4258 250 4296 non:
274 4259 295 4295 s.
315 4247 344 4310 1,
367 4247 415 4309 44,
435 4248 459 4297 6.
479 4271 513 4282 -
537 4259 596 4311 per
619 4241 734 4296 conci·
785 4241 872 4296 Brust
893 4243 1029 4299 bedeclrte
1051 4243 1109 4299 und
1131 4243 1174 4299 bis
1196 4261 1245 4298 nur
1263 4242 1350 4301 uiue

172 4311 269 4366 lium:
292 4327 344 4380 per
367 4312 471 4368 ebenso
493 4312 660 4382 gebraucht,
679 4311 732 4367 wie
786 4313 835 4367 des
849 4313 970 4382 Kdrpers
988 4313 1103 4377 reichte.
1121 4345 1158 4354 -
1175 4331 1298 4384 magne
1312 4346 1350 4358 -

172 4380 203 4434 in
220 4382 275 4436 den
291 4382 421 4437 Formeln
439 4383 578 4453 pervim,
597 4400 648 4452 per
665 4382 732 4438 insi·
786 4383 875 4438 nuda
893 4385 955 4439 sind
972 4384 1036 4443 nbi.
1054 4386 1113 4441 ebs.
