2804 4778
169 209 235 273 242
574 208 622 261 DE
641 208 760 264 BELLO
779 208 937 264 GALLIOO

170 379 324 456 oppositus
343 395 427 436 mons
452 375 587 436 Cevenna
610 377 783 454 viarumque
802 375 960 435 difficultas
979 374 1170 457 impediebat,
1194 384 1259 437 tum
1285 396 1349 438 ma·

171 467 262 546 xime,
286 465 364 544 quod
388 465 527 525 abiuncto
550 463 679 524 Labieno
703 472 791 542 atque
815 466 851 524 iis
874 462 1055 546 legionibuS,
1079 483 1152 543 quas
1176 484 1236 525 una
1255 468 1350 526 mise-

134 567 150 614 3
169 564 229 635 rat,
251 554 443 614 vehementer
466 552 596 614 timebat.
641 553 744 631 ltaque
768 552 926 613 admodum
944 555 1058 631 magnis
1081 554 1197 614 diurnis
1221 562 1348 615 noctur·

169 645 274 721 nisque
302 642 461 707 itineribus
489 642 632 702 confectis
660 649 763 702 contra
786 643 918 702 omnium
949 643 1118 720 opinionem
1146 642 1182 702 ad
1205 642 1350 722 Ligerem

132 733 249 792 tvenit
280 731 412 810 vadoque
441 749 494 811 per
522 732 638 809 equites
665 733 785 791 invento
815 749 870 809 pro
894 732 938 791 rei
962 732 1139 791 necessitate
1163 740 1347 812 opportuno,

168 828 202 880 ut
225 820 344 880 brachia
368 819 455 880 modo
479 827 567 898 atque
590 819 709 879 humeri
732 820 768 880 ad
791 818 964 880 sustinenda
987 837 1068 879 arma
1096 818 1183 880 liberi
1207 819 1243 880 ab
1267 839 1348 899 aqua

132 921 148 968 5
168 926 234 969 esse
257 917 391 990 possent,
415 908 559 987 disposito
579 910 726 988 equitata,
750 910 801 986 qui
820 911 878 968 vim
896 907 1027 967 fluminis
1046 909 1234 990 refringeret,
1253 917 1347 987 atque

167 996 303 1058 hostibus
333 1000 430 1077 primo
453 1004 576 1075 aspectu
602 995 784 1076 perturbatis
811 996 990 1057 incolumem
1019 999 1183 1057 exercitum
1212 997 1347 1057 traduxit

168 1086 410 1164 frumentumque
433 1088 473 1145 in
488 1088 566 1164 agris
590 1093 620 1145 et
641 1088 759 1164 pecoris
783 1087 897 1164 copiam
920 1092 1024 1145 nactus
1043 1085 1158 1164 repleto
1181 1084 1230 1145 his
1250 1085 1346 1146 rebus

169 1178 301 1235 exercitu
326 1177 383 1234 iter
406 1176 437 1234 in
462 1173 596 1234 Senones
619 1174 717 1233 facere
741 1175 879 1234 instituit

256 1277 307 1341 57.
330 1280 407 1340 Dum
430 1280 502 1340 haec
526 1279 603 1359 apud
628 1278 783 1339 Caesarem
805 1286 966 1360 geruntur,
989 1278 1138 1340 Labienus
1161 1297 1197 1339 eo
1223 1280 1344 1360 supple·

167 1379 281 1450 mento,
312 1369 390 1447 quod
421 1387 518 1448 nuper
547 1387 584 1428 ex
613 1367 695 1428 ltalia
725 1375 859 1448 venerat,
889 1367 994 1428 relicto
1018 1368 1174 1447 Agedinci,
1204 1377 1239 1428 ut
1263 1377 1345 1430 esset

166 1458 385 1537 impedimentis
408 1457 569 1536 praesidio,
593 1474 661 1516 cum
685 1464 825 1534 quattuor
847 1455 1014 1534 legionibus
1036 1456 1184 1517 Lutetiam
1208 1458 1344 1535 proficis-

167 1549 253 1606 citur.
298 1545 331 1605 ld
362 1555 408 1606 est
438 1547 578 1625 oppidum
608 1545 803 1626 Parisiorum,
835 1544 913 1623 quod
943 1548 1074 1624 positum
1105 1553 1151 1605 est
1180 1547 1210 1604 in
1241 1546 1341 1607 insula

130 1634 296 1699 alluminis
322 1634 483 1713 Sequanae.
530 1633 621 1694 Cuius
645 1634 772 1693 adventu
795 1632 831 1692 ab
855 1632 992 1694 hostibus
1016 1636 1134 1713 cognito
1159 1652 1282 1712 magnae
1306 1653 1344 1695 ex

130 1724 299 1788 annitimts
330 1723 497 1784 civitatibus
525 1724 626 1801 copiae
656 1730 867 1782 convenerunt.
915 1721 1035 1783 Summa
1065 1724 1183 1802 imperii
1213 1723 1344 1784 traditur

166 1810 363 1890 Camulogeno
397 1811 537 1892 hulerco,
570 1813 621 1890 qui
651 1829 743 1890 prope
776 1811 930 1871 confectus
961 1819 1055 1871 aetate
1086 1818 1185 1871 tamen
1218 1821 1343 1892 propter

165 1900 344 1979 singularem
374 1902 528 1960 scientiam
558 1901 604 1960 rei
632 1899 766 1959 militaris
794 1900 830 1959 ad
864 1916 932 1959 enm
955 1909 1001 1959 est
1024 1899 1168 1959 honorem
1192 1910 1343 1962 evocatus,

129 1989 194 2052 als
218 2007 287 2049 cum
311 1989 567 2049 animadvertisset
589 1996 762 2067 perpetuam
782 2006 847 2048 esse
871 1987 1025 2069 paludem,
1047 2006 1123 2066 quae
1147 1988 1288 2050 influeret
1311 1991 1343 2049 in

167 2076 333 2155 Sequanam
353 2087 441 2157 atque
461 2077 543 2137 illum
562 2095 682 2136 omnem
700 2075 799 2136 locum
817 2094 994 2156 magnopere
1014 2077 1184 2157 impediret,
1202 2077 1251 2138 hic
1271 2096 1342 2139 con-

167 2166 244 2226 sedit
267 2175 446 2244 nostrosque
470 2169 597 2226 transitu
621 2163 780 2244 prohibere
803 2166 941 2225 institnit.

163 2388 212 2440 dee
237 2388 320 2442 Verb.
343 2388 383 2441 im
408 2388 483 2457 Sing.
509 2387 556 2442 bei
580 2388 726 2442 mehreren
779 2406 806 2440 ιι.
826 2406 847 2442 e.
866 2406 900 2442 w.
928 2417 962 2428 -
990 2387 1151 2444 instituit
1175 2414 1209 2434 =
1235 2391 1344 2459 coepit3

164 2458 322 2527 Subjecten.
341 2489 373 2498 -—
393 2458 555 2512 abiuncto
574 2456 724 2512 Labieno
779 2459 866 2528 vergl.
882 2476 905 2513 c.
920 2464 954 2513 28
969 2459 1005 2513 ad
1020 2459 1163 2515 Lutetiam
1180 2458 1236 2515 iter
1248 2460 1345 2516 faeere

162 2559 195 2568 -
214 2528 374 2583 timebat:
393 2528 462 2582 fiber
479 2529 525 2583 die
541 2528 631 2584 Sache
649 2528 725 2583 siehe
780 2530 881 2599 coepit.

162 2616 185 2653 c.
206 2605 248 2655 34.
282 2599 405 2669 Beispiel
429 2600 475 2653 fiir
499 2600 544 2654 die
568 2598 724 2654 Construct.
796 2635 822 2689 V
849 2635 936 2690 Me

162 2686 218 2725 von
232 2671 341 2738 timere,
360 2670 435 2725 siehe
455 2687 477 2724 c.
495 2677 537 2727 44.
557 2670 725 2725 husserdem
825 2678 830 2688 ·
911 2655 989 2690 ¹¹¹u⁸

162 2742 273 2810 merke,
301 2743 365 2796 dass
388 2741 539 2811 abiungere
565 2742 726 2809 uberhaupt

162 2813 208 2866 ein
226 2814 347 2867 seltenes
365 2812 447 2867 Wort
470 2812 508 2867 ist
525 2832 553 2868 u.
574 2813 621 2867 bei
639 2811 724 2866 Otear
967 2796 1008 2864 (0.
1028 2799 1154 2865 5⁷42)

160 2901 213 2937 nur
231 2900 267 2938 an
286 2883 377 2938 dieser
397 2883 485 2938 Stella
503 2883 671 2938 vorkommt.
689 2912 724 2922 -
813 2882 879 2953 (lap.
899 2888 941 2938 57.
971 2890 994 2939 1.
1014 2885 1097 2939 Dum
1116 2885 1202 2939 haec
1224 2915 1258 2925 -
1283 2903 1341 2957 ge·

160 2960 185 3008 3.
205 2954 396 3009 admodum:
417 2971 437 3008 e.
457 2960 482 3022 b,
499 2959 573 3023 40‚2
593 2972 628 3007 zu
642 2953 722 3007 dW.
777 2956 908 3008 runtur:
932 2956 1001 3010 iiber
1023 2956 1247 3025 haecs.4,19‚
1273 2964 1341 3012 lzu

160 3024 342 3095 -magnia
361 3024 723 3080 diurnisetc.:tiberdie
778 3025 804 3079 d.
823 3024 868 3079 W.
892 3056 925 3065 —
949 3026 1134 3081 Labienus:
1157 3043 1178 3082 s.
1199 3043 1222 3081 c.
1241 3034 1285 3082 34.
1306 3059 1340 3069 -
1396 3063 1398 3067 -

161 3095 229 3149 arrei
248 3095 483 3151 unverbundenan
497 3094 644 3164 Adjective
662 3112 682 3148 s.
697 3101 722 3162 2,
777 3111 815 3150 eo
841 3097 1094 3165 supplemento:
1123 3115 1143 3152 s.
1168 3114 1191 3152 c.
1216 3099 1340 3156 tEude.

160 3170 194 3218 29
220 3185 254 3219 zu
278 3167 384 3236 duplici
408 3198 441 3207 -
464 3182 557 3233 mur0;
585 3165 656 3219 iiber
678 3165 723 3218 die
776 3166 951 3234 Agedincum
977 3168 1049 3238 liegt
1075 3168 1126 3222 auf
1150 3168 1215 3223 dem
1243 3169 1341 3225 linken

160 3235 290 3304 Stellung
312 3255 368 3292 von
393 3237 499 3292 diurnis
521 3235 721 3305 nocturnisque
775 3235 849 3304 Ufer,
869 3237 981 3292 Lutetia
995 3239 1122 3293 auidam
1140 3239 1257 3294 rechten
1271 3240 1340 3297 Ufer

159 3323 181 3360 s.
200 3310 230 3374 5,
250 3311 284 3360 38
303 3307 367 3362 Anf.
395 3339 430 3349 -
457 3315 482 3362 4.
506 3325 566 3377 pro
588 3307 639 3362 rei
664 3323 720 3360 ne·
775 3305 823 3360 der
843 3307 933 3362 Scine.
961 3333 995 3349 ⁴-
1023 3311 1060 3364 ut
1079 3312 1171 3365 esset
1192 3310 1339 3381 impedi-

160 3376 341 3431 cessitate:
360 3380 429 3432 iiber
447 3396 498 3448 pro
517 3397 537 3434 s.
559 3385 586 3447 1,
607 3382 720 3446 naeu
774 3378 897 3433 mentis
940 3380 1130 3448 praesidio:
1171 3382 1202 3435 in
1243 3382 1341 3438 diesen

159 3445 185 3500 d.
205 3447 250 3503 W.
268 3478 304 3487 —
322 3448 425 3503 liberi
445 3450 485 3503 ab
504 3465 604 3517 aqna:
628 3448 720 3517 Beisp.
775 3449 892 3503 Warten
910 3449 985 3504 kann
1003 3453 1036 3505 ut
1059 3454 1134 3507 esset
1155 3452 1339 3509 unitbersetzt

160 3517 420 3574 derconstruction
436 3536 493 3574 von
509 3520 589 3574 liber.
604 3550 638 3559 -
653 3519 720 3572 dis·
775 3519 894 3576 bleiben.
921 3531 970 3560 '-
1012 3538 1117 3592 prope
1155 3522 1338 3579 confectus

158 3588 275 3657 posito
301 3590 473 3658 equitatu:
502 3591 596 3646 stallte
618 3606 649 3644 er
676 3589 721 3656 die
776 3591 906 3646 aetate:
942 3592 1031 3647 heisst
1062 3593 1233 3664 cigentlich?
1269 3594 1339 3663 „ein

159 3658 283 3714 Reiterei
311 3659 362 3728 (im
385 3660 498 3716 Wasser
525 3661 555 3714 in
578 3661 647 3716 zwei
670 3660 720 3715 Go-
773 3660 937 3732 hinfalliger
955 3661 1059 3718 Greis“.
1092 3664 1185 3719 Ueber
1211 3682 1299 3736 prope
1318 3685 1339 3721 s.

158 3731 272 3800 lonnen)
287 3731 341 3786 anf.
361 3732 503 3786 Zwischen
514 3732 609 3786 diesen
620 3732 720 3788 Colon-
774 3738 799 3800 5,
819 3739 853 3788 20
871 3733 1000 3805 Anhang.
1024 3765 1059 3775 -
1083 3734 1263 3791 influeret:
1289 3737 1338 3792 ab·

157 3819 214 3856 nen
226 3802 399 3857 nunkonnte
409 3803 459 3857 das
468 3803 606 3858 Pusavolk
618 3805 721 3858 sammt
772 3804 847 3872 iloss,
862 3805 958 3860 seinen
975 3805 1076 3876 Abzug
1094 3806 1162 3861 oder
1177 3806 1290 3864 Abiluss
1308 3809 1339 3863 in

159 3873 223 3927 dem
231 3873 719 3944 Gep'aclredurchdenFluesgehen3
774 3906 807 3915 -
831 3876 924 3930 hatte:
953 3876 1022 3944 „das
1044 3875 1083 3932 ist
1104 3877 1338 3945 wahrecbeinlicb

159 3943 233 3999 denn
257 3945 302 4001 dia
325 3947 388 4001 eine
412 3946 534 4002 Oolonne
559 3946 646 4001 brach
674 3945 719 3999 die
772 3944 822 4000 der
835 3946 999 4016 Thalgrund
1012 3948 1063 4003 der
1076 3949 1211 4019 Essenne,
1229 3953 1337 4008 welche

129 4063 131 4069 .
160 4012 270 4071 Gewalt
287 4017 336 4071 des
356 4018 494 4086 Stromes‚
517 4018 650 4073 wahrend
673 4016 718 4070 die
773 4016 817 4070 bei
842 4016 953 4072 Corbeil
979 4019 1009 4073 in
1033 4019 1078 4074 die
1103 4020 1185 4075 Scine
1212 4022 1336 4079 mundet

158 4086 262 4141 andere
286 4088 355 4142 alles
379 4089 429 4143 das
453 4090 563 4159 auffing
583 4088 642 4142 und
660 4086 719 4141 auf-
774 4086 914 4142 Labienus
942 4106 1000 4144 war
1026 4107 1082 4145 von
1110 4090 1179 4146 Sene
1211 4109 1261 4147 aus
1290 4110 1336 4147 am

157 4156 237 4226 hielt‚
248 4175 306 4212 was
315 4159 442 4214 dennoch
452 4163 526 4216 elwa
535 4178 599 4215 vom
610 4160 719 4214 Strome
772 4157 869 4212 liuhan
884 4159 951 4214 Ufei·
963 4164 1056 4216 haeret
1069 4161 1119 4217 der
1133 4162 1241 4232 Yonne,
1261 4164 1336 4219 daun

157 4226 341 4297 fortgerissen
358 4232 461 4288 wurde.
481 4264 514 4272 -
540 4237 564 4288 5.
583 4230 718 4300 repleto
772 4229 822 4283 der
845 4229 926 4285 Seine
954 4231 1076 4287 abwarts
1098 4233 1274 4289 marecbirt.“
1301 4265 1335 4277 -—

159 4327 190 4336 -
224 4299 395 4355 excretam
427 4302 494 4373 tege
526 4303 622 4357 diesen
654 4301 719 4355 Sata
771 4299 969 4370 impediret:
993 4322 1043 4357 aur
1062 4304 1175 4359 Uebere.
1200 4305 1288 4375 vergi.
1309 4311 1336 4374 t,

157 4367 246 4422 durch
265 4370 314 4424 das
328 4371 489 4427 Relativum
509 4390 559 4426 an:
578 4372 675 4426 womit
688 4385 719 4424 er
773 4375 814 4439 19,
836 4378 849 4424 1
869 4390 903 4426 zu
920 4372 1071 4441 impeditis,

992 2636 1141 2706 'Feldaug
1158 2638 1256 2708 'gegen
1277 2637 1324 2693 die

990 2706 1121 2762 Parisier.
