2804 4778
159 226 202 290 48
292 288 293 291 ,
563 223 612 278 DE
631 222 750 278 BELLO
770 221 927 279 GALLIOO

118 403 142 452 4
160 403 191 455 et
214 393 301 454 illatis
328 401 359 453 et
385 393 517 470 acceptis
545 390 719 452 vulneribus
746 392 778 450 in
805 396 902 450 castra
930 389 1056 450 reduxit.
1102 387 1178 449 Cum
1201 405 1238 448 ex
1267 405 1336 468 cap·

160 484 227 544 tivis
255 490 412 560 quaereret
435 479 557 560 Caesar,
585 478 778 559 quamobrem
805 479 971 539 Ariovistus
1001 476 1113 556 proelio
1142 494 1203 537 non
1230 476 1336 537 decer-

161 579 246 650 taret,
269 570 344 630 hano
367 567 537 648 reperiebat
560 585 688 648 eausam,
711 566 791 646 quod
814 566 892 645 apud
912 565 1075 626 Germanos
1094 582 1128 625 ea
1147 564 1336 626 consuetudo

120 645 131 658 ’
161 667 248 739 esset,
271 666 305 719 ut
328 656 566 718 matresfamiliae
575 673 690 725 ,eornm
714 654 845 716 sortibus
869 663 899 715 et
922 653 1180 715 vaticinationibus
1204 652 1336 714 declara·

119 755 242 827 urent,
269 755 371 808 utrum
398 745 546 824 proelium
574 746 719 804 committi
742 761 778 803 ex
801 761 858 804 usu
887 752 979 823 esset,
1007 760 1115 821 necne;
1143 759 1194 802 eas
1222 743 1264 802 ita
1292 741 1337 803 di-

160 854 242 897 cere:
263 854 324 895 non
346 853 412 895 esse
433 834 477 894 las
492 831 654 894 Germanos
674 850 825 912 superare,
845 833 870 892 si
888 839 956 892 ante
976 848 1081 891 novam
1100 831 1202 891 lunam
1220 830 1337 910 proelio

78 979 86 992 ,
160 924 392 984 contendissent.

249 1008 301 1072 51.
328 1009 477 1071 Postridie
511 1012 575 1070 eius
608 1009 666 1070 diei
700 1008 807 1069 Caesar
837 1007 1019 1088 praesidium
1049 1009 1185 1086 utrisque
1218 1009 1337 1089 castris,

160 1100 240 1179 quod
271 1102 343 1160 satis
371 1117 438 1158 esse
468 1101 565 1159 risum
592 1107 652 1178 est,
681 1097 811 1178 reliquit,
841 1099 940 1157 omnis
970 1096 1076 1157 alarios
1107 1098 1139 1156 in
1171 1104 1337 1175 conspectu

160 1189 293 1249 bostium
315 1206 370 1266 pro
395 1189 500 1247 castris
528 1185 694 1248 minoribus
718 1187 886 1259 constituit,
914 1184 993 1265 quod
1021 1187 1120 1246 minus
1143 1183 1336 1245 multitudine

161 1276 289 1336 militum
311 1275 542 1354 legionariorum
564 1294 619 1354 pro
642 1275 774 1335 bostium
796 1292 922 1334 numero
943 1272 1066 1355 valebat,
1088 1281 1123 1334 ut
1145 1272 1181 1332 ad
1205 1274 1338 1352 speciem

161 1364 260 1425 alariis
279 1371 427 1444 uteretnr3
451 1366 515 1442 ipse
535 1363 645 1442 triplici
667 1365 814 1423 instructa
837 1364 899 1422 acie
918 1379 1014 1440 usqne
1034 1361 1070 1421 ad
1089 1368 1186 1422 castra
1204 1360 1337 1422 bostium

122 1454 297 1513 ,tuccessit
347 1452 423 1513 Tum
457 1453 578 1512 demum
616 1453 785 1512 necessario
818 1449 957 1511 Germani
994 1468 1062 1510 suas
1097 1451 1197 1529 copias
1230 1452 1338 1510 castris

162 1540 330 1602 eduxerunt
353 1542 576 1619 generatimque
600 1541 822 1600 constituerunt
847 1538 969 1619 paribus
991 1538 1167 1619 intervallis,
1191 1537 1338 1619 Harudes,

161 1629 375 1709 Marcomanos,
398 1627 550 1708 Triboces,
573 1627 748 1707 Vangiones,
773 1626 922 1708 Nemetes,
946 1626 1102 1707 Sedusios,
1126 1626 1251 1706 Suebos,
1274 1645 1337 1689 om·

162 1735 290 1795 nemque
314 1718 407 1776 aciem
431 1735 516 1777 suam
544 1717 624 1777 redis
648 1722 677 1776 et
706 1717 799 1776 carris
822 1715 1097 1796 circumdederunt,
1124 1733 1162 1775 ne
1187 1733 1244 1793 qua
1268 1733 1338 1796 spes

120 1808 194 1866 din
218 1805 287 1884 iuga
309 1805 539 1883 relinqueretur.
580 1802 624 1864 Eo
643 1804 784 1865 mulieres
806 1805 1022 1884 imposuerunt,
1041 1821 1116 1883 quae
1139 1805 1171 1864 in
1189 1802 1358 1883 proelium-

161 1894 385 1973 proficiscentes
407 1895 503 1972 passis
531 1892 668 1953 manibus
695 1892 801 1953 flentes
824 1891 1034 1972 implorabant,
1064 1910 1101 1952 ne
1130 1909 1162 1952 se
1190 1894 1222 1952 in
1245 1895 1337 1953 servi·

162 1989 257 2043 tutem
280 1981 421 2042 Romanis
444 1981 606 2042 traderent.

251 2066 302 2131 52.
327 2069 435 2130 Caesar
457 2069 581 2149 singulis
611 2068 777 2148 legionibus
801 2069 933 2149 singulos
958 2069 1071 2148 legatos
1094 2078 1124 2129 et
1147 2077 1338 2147 quaestorem

120 2167 142 2216 e
161 2159 314 2239 praefecit,
333 2160 377 2218 uti
396 2176 447 2218 eos
466 2167 559 2219 testes
578 2176 649 2218 suae
669 2160 933 2237 quisque.virtntis
951 2157 1088 2237 haberet3
1112 2159 1176 2237 ipse
1195 2175 1212 2217 a
1231 2157 1337 2218 dextro

163 2265 267 2326 cornu,
291 2245 370 2325 quod
393 2254 595 2325 campartem
619 2249 739 2306 minime
763 2247 878 2306 firmam
904 2245 1035 2307 hostium
1060 2263 1125 2306 esse
1155 2246 1337 2307 animadver-

120 2339 248 2415 dterat,
271 2334 418 2412 proelium
441 2336 597 2394 commisit.
642 2334 686 2394 lta
713 2337 816 2395 nostri⁴
835 2336 945 2395 acriter
972 2336 1006 2394 in‘
1035 2334 1136 2395 hostes
1160 2336 1245 2413 signo
1268 2333 1337 2396 dato

163 2425 307 2501 impetum
330 2422 598 2502 ieceruntitaque
621 2422 722 2482 hostes
745 2431 869 2502 repente
889 2422 1087 2502 celeriterque
1110 2433 1330 2501 procurrerunt

163 2639 196 2649 -
216 2607 428 2663 vulneribus:
448 2609 585 2663 nechdem
599 2610 649 2663 auf
664 2609 723 2665 bei·
776 2609 966 2665 multitudines
986 2642 1019 2650 —
1044 2610 1085 2665 ed
1103 2609 1265 2680 speciem:
1289 2606 1340 2665 cur

162 2680 217 2734 den
232 2679 327 2735 Seiten
340 2679 413 2735 riele
428 2680 591 2735 verwundel
608 2681 723 2735 worden
776 2680 921 2751 Emegung
944 2681 1019 2736 eines
1044 2680 1190 2736 Schoinos:
1213 2679 1340 2736 Ariorieb

161 2767 263 2806 waren.
278 2781 312 2792 —
326 2757 352 2805 4.
372 2750 452 2805 Cum
470 2781 503 2791 -
523 2753 722 2821 quaereret:
777 2751 861 2807 sollte
876 2750 921 2806 dio
935 2752 1017 2807 elerii
1030 2750 1340 2822 frirLegionssoldeten

162 2823 236 2876 euch
248 2821 428 2877 Ceuselsttze
445 2822 538 2876 lessen
557 2822 617 2877 sich
635 2822 722 2876 durch
775 2821 872 2876 hulten
887 2823 943 2876 und
957 2823 1092 2891 glauben,
1112 2821 1198 2878 Cesar
1211 2822 1252 2877 sei
1265 2824 1337 2877 abbr-

128 2952 132 2957 ,
161 2892 339 2963 Priposilion
365 2893 424 2947 und
450 2891 613 2948 Substantiv
640 2893 721 2948 iiber·
775 2892 826 2947 laer
840 2893 882 2948 ele
897 2893 1071 2949 erwirklich
1084 2910 1150 2948 wer.
1165 2923 1199 2933 -
1214 2899 1239 2948 2.
1255 2891 1338 2948 Ger·

156 2964 414 3033 ,setaen3queerere
424 2964 481 3017 und
490 2964 613 3032 reperire
626 2963 720 3034 (selte-
775 2964 864 3018 meni
898 2980 976 3018 sues
1007 2966 1140 3034 copies:
1171 2964 1241 3018 iiber
1272 2980 1338 3019 sues

162 3033 357 3103 nerinrenire)
372 3036 640 3103 entgegenaueetuen
653 3034 723 3089 liabl
777 3034 883 3104 copiae,
902 3035 947 3088 die
966 3034 1037 3090 eben
1055 3035 1101 3090 die
1116 3034 1249 3090 Germani
1266 3035 1338 3102 sind,

163 3102 259 3170 Cesar,
278 3123 300 3158 a.
315 3104 346 3158 Β.
365 3104 638 3173 2,4.-pr0elio
657 3121 723 3160 non
777 3121 798 3158 s.
823 3111 852 3171 3,
877 3111 910 3160 23
943 3123 976 3160 zu
1006 3121 1110 3176 megnc
1142 3122 1206 3160 cnm
1232 3105 1337 3160 bomin.

159 3174 374 3228 decertaret:
401 3172 484 3228 lmine
508 3175 722 3230 entscheidende
776 3175 965 3230 multitudine.
984 3207 1018 3217 —
1067 3175 1246 3232 eneretim:
1265 3177 1340 3231 mech

76 3266 81 3273 ·
164 3243 298 3307 Soblocbb
319 3243 430 3311 liefern3
455 3261 485 3298 so
508 3244 615 3300 konnte
637 3244 723 3301 Cicer
776 3245 832 3300 den
841 3246 985 3301 einzelnen
993 3195 1236 3315 leirerseheiten,
1246 3247 1339 3302 stem-

158 3313 273 3382 fregen,
303 3314 368 3368 weil
399 3314 465 3368 kein
492 3315 723 3370 entseheidender
775 3316 1339 3387 men-reliquit,-constituit,

158 3383 274 3453 Angriff
285 3384 339 3439 mit
356 3386 406 3439 der
419 3388 594 3454 gesemmten
607 3386 721 3441 Heeres-
776 3387 940 3443 occessit:
959 3389 1029 3444 iiber
1042 3389 1088 3443 die
1102 3388 1341 3444 unverbundenen

162 3455 259 3509 machi
281 3455 412 3524 gemacht
435 3455 537 3512 wurde.
562 3486 597 3495 —
620 3458 723 3511 sorbi-
778 3456 859 3512 suere
877 3477 898 3514 s.
917 3476 939 3513 c.
961 3466 973 3512 1
995 3478 1028 3514 zu
1046 3460 1151 3529 lingue.
1170 3489 1205 3500 -
1228 3465 1253 3513 3.
1277 3458 1339 3514 Eo:

162 3525 240 3578 bns:
263 3525 361 3580 Loose.
385 3557 418 3566 —
447 3542 486 3580 ex
511 3544 581 3580 usu:
605 3545 626 3580 s.
646 3545 668 3581 e.
688 3532 722 3581 30
777 3546 798 3583 e.
818 3546 840 3582 c.
860 3535 894 3584 38
912 3529 1012 3585 zuibi.
1037 3562 1070 3570 -
1094 3530 1211 3600 pessis
1230 3529 1339 3584 meni·

156 3613 197 3648 nu
225 3596 251 3651 d.
275 3595 364 3650 Wort.
388 3627 422 3636 -
451 3602 475 3650 b.
504 3614 663 3667 superare
688 3624 722 3644 ε-
776 3599 938 3667 basisti,
958 3607 990 3654 13
1011 3601 1124 3655 erilem.

163 3665 319 3735 superiores
343 3683 410 3722 esse.
429 3697 465 3706 —
490 3668 626 3737 proelio
645 3685 722 3724 con·
813 3669 879 3740 Cep.
895 3677 936 3726 52.
958 3678 982 3725 1.
998 3674 1230 3741 quaestorem:
1245 3687 1275 3726 es
1289 3671 1339 3726 be-

160 3736 373 3792 tendissent:
388 3738 508 3807 proelio,
523 3740 549 3792 d.
560 3740 618 3794 iin
631 3739 723 3794 einem
775 3741 895 3810 fehligte
914 3743 987 3797 euch
1011 3743 1103 3797 dieser
1120 3742 1340 3798 Finenabeemie
1364 3750 1367 3754 '

157 3808 329 3863 ‚ibrmliehen
353 3809 477 3877 'l'reffen3
500 3810 574 3863 deno
599 3830 620 3866 s.
645 3828 669 3867 c.
687 3817 721 3866 49
776 3813 817 3880 (er
839 3813 931 3867 zehlte
954 3814 1009 3867 den
1031 3814 1164 3883 Truppen
1187 3813 1242 3868 den
1261 3810 1340 3883 sold,

164 3879 317 3933 eoeirciter
331 3879 476 3934 hominum
489 3897 721 3952 numero—pro·
776 3884 906 3952 besorgte
934 3883 979 3938 die
1004 3883 1160 3939 Einuchme
1187 3882 1245 3938 und
1267 3885 1341 3938 Aus-

158 3949 300 4004 biberent.
338 3951 394 4006 Das
413 3951 646 4022 Plusqucmperf,
670 3953 721 4007 wir
775 3954 848 4022 gebo
866 3953 897 4007 in
916 3954 964 4009 der
977 3955 1106 4024 Provinc)
1122 3954 1257 4010 euweilen
1275 3953 1339 4011 eine

164 4020 237 4074 euch
256 4021 302 4075 ein
320 4021 437 4076 enderes
457 4022 586 4092 Tempus.
776 4024 816 4079 be
839 4023 893 4079 'om
912 4055 946 4064 -
972 4041 1052 4080 suae
1075 4026 1234 4094 quisque:
1257 4024 1340 4082 aber-

200 4088 267 4160 Oep.
291 4096 333 4147 51.
364 4100 387 4146 1.
411 4092 541 4147 alarios
560 4119 594 4138 =
617 4094 723 4148 auxilie
776 4112 805 4147 m
836 4095 908 4150 sein
922 4095 1045 4165 Beispiel
1063 4096 1108 4150 fiir
1121 4096 1177 4151 den
1190 4095 1341 4153 cennech

156 4161 230 4215 <oder
248 4163 345 4217 socios.
365 4193 400 4202 —
419 4162 636 4232 quodminus
655 4167 721 4220 etc:
776 4182 832 4221 von
851 4167 975 4236 quisque.
1004 4167 1099 4236 Vergl.
1119 4183 1143 4221 e.
1163 4171 1179 4220 5
1198 4185 1224 4222 m
1243 4172 1344 4224 dds-..-

163 4230 229 4285 weil
238 4233 313 4286 seine
320 4233 419 4288 Stdrke
430 4233 724 4303 anLegionssoldeten
777 4243 801 4291 2.
823 4253 894 4291 eam
912 4240 1060 4308 partem:
1084 4237 1134 4292 der
1151 4236 1231 4293 linke
1246 4236 1341 4295 ieieid*

164 4331 197 4340 -
212 4301 340 4357 ziemlieh
358 4304 456 4374 gering
474 4322 541 4359 war.
556 4335 590 4344 -
609 4322 669 4374 pro
689 4337 722 4346 -
777 4305 851 4361 liche
868 4307 975 4379 Fliigel.
999 4340 1035 4348 —
1058 4314 1082 4365 3.
1107 4308 1161 4363 Ite
1183 4308 1261 4367 verb.
1278 4306 1342 4369 flii

141 4385 306 4425 ¹nurnero:
331 4375 402 4428 siber
421 4391 475 4444 pro
494 4393 515 4431 s.
537 4392 559 4432 c.
580 4382 596 4431 2
615 4394 650 4431 zu
673 4392 723 4447 pro
777 4377 887 4434 acriter.
912 4410 945 4419 —
973 4379 1092 4449 itaque
1118 4404 1152 4430 ε
1177 4381 1208 4436 eb
1228 4378 1341 4439 iwic-
