2804 4778
471 244 538 300 LIB.
556 244 590 300 Π.
619 243 697 301 chr.
716 249 829 300 18-20.
1190 245 1233 311 65

60 411 148 473 ¹tendi
169 409 275 488 proelii
298 419 487 490 convenerat,
510 412 550 470 ita
578 419 612 471 ut
634 412 712 471 intra
738 411 824 471 silvas
848 413 939 473 aciem
960 406 1143 492 'ordinesque
1163 432 1234 475 con·

64 503 225 561 stituerant
255 506 343 576 atque
372 500 429 578 ipsi
460 517 526 559 sese
558 499 815 581 confirmaverant,
844 500 942 562 subito
973 501 1110 564 omnihus
1140 505 1233 582 copiis

65 587 293 669 provolaverunt
316 589 518 666 impetumque
542 589 572 648 in
602 592 721 648 nostros
744 591 859 666 equites
883 592 1028 652 lecerunt.
1072 588 1126 650 His
1149 591 1269 652 lacilc‘l

66 677 159 757 pulsis
184 694 216 736 ac
240 674 422 754 proturbatis
441 675 608 737 incredibili
631 675 782 736 celeritate
805 677 840 737 ad
859 677 970 738 llumeu
989 679 1234 762 decucurrerunt,

65 773 100 826 ut
122 782 215 845 paene
245 782 304 824 uno
333 772 466 844 tempore
495 772 524 825 et
548 765 584 825 ad
608 764 693 825 silvas
722 774 752 826 et
774 767 805 825 in
834 765 956 827 flumine
980 777 1009 828 et
1035 769 1093 828 ium
1120 769 1151 827 in
1175 786 1234 829 ma-

66 854 154 915 nibus
177 855 288 913 nostris
315 851 416 913 hostes
444 852 624 914 viderentur.
668 853 779 914 Eadem
806 864 905 916 autem
934 855 1083 918 celeritate
1112 855 1270 919 adversos

66 942 140 1003 colle
164 941 200 1001 ad
223 948 323 1002 nostra
348 949 444 1002 castra
466 950 554 1020 atque
578 960 639 1024 eos,
661 944 713 1022 qul
735 945 765 1003 iu
785 934 874 1023 opere
894 946 1030 1024 occupati
1053 953 1146 1025 erant,
1166 963 1234 1005 con·

65 1030 236 1092 tenderunt.
404 1038 405 1043 ’

156 1134 207 1198 20.
231 1136 349 1199 Caesari
372 1139 469 1197 omnia
493 1156 552 1198 uno
580 1145 714 1216 tempore
743 1147 827 1197 erant
855 1138 979 1216 agenda:
1006 1139 1145 1201 vexillum
1166 1159 1234 1220 pro·

66 1226 251 1306 ponendum,
278 1226 356 1305 quod
386 1236 449 1286 erat
477 1227 606 1306 insigne,
639 1243 707 1286 cum
738 1225 772 1285 ad
801 1244 881 1287 arma
909 1230 1049 1289 concurri
1075 1238 1235 1310 oporteret,

68 1317 185 1394 signum
208 1315 278 1375 tuba
302 1314 444 1396 dandum,
471 1313 507 1375 ab
535 1332 625 1394 opere
653 1313 809 1374 revocandi
837 1315 959 1397 milites,
989 1319 1041 1395 qui
1062 1317 1149 1396 paulo
1173 1317 1234 1378 lon-

67 1406 134 1483 gius
161 1406 276 1483 aggeris
303 1403 423 1483 petendi
452 1422 539 1464 causa
566 1411 786 1483 processerant,
815 1404 997 1486 arcessendi,
1020 1407 1099 1466 acies
1125 1409 1270 1468 lustru-t

67 1492 152 1573 enda,
175 1492 283 1552 milites
307 1492 489 1573 cohortandi,
512 1493 629 1571 signum
648 1491 784 1553 dandum.
827 1491 960 1564 Quarum
978 1512 1079 1554 rerum
1102 1514 1237 1574 magnam

66 1588 181 1660 partem
214 1583 357 1661 temporis
389 1580 518 1642 brevitas
547 1588 576 1640 et
604 1599 761 1641 successus
793 1579 923 1642 hostium
952 1581 1139 1663 impediebat.
1184 1583 1272 1646 Hiss

61 1669 291 1730 difficultatibus
316 1670 390 1730 duae
414 1689 462 1730 res
482 1677 567 1730 eraut
590 1668 731 1749 subsidio,
750 1671 873 1731 scientia
897 1678 984 1749 atque
1005 1690 1079 1733 usus
1102 1671 1237 1754 militum,

63 1757 147 1836 quod
167 1758 371 1837 superioribus
387 1754 511 1838 'proeliis
530 1760 691 1838 exercitati,
710 1758 781 1836 quid
800 1759 866 1818 lieri
885 1767 1047 1840 oporteret,
1065 1778 1125 1820 non
1139 1764 1237 1822 minus

67 1846 222 1906 commode
245 1849 303 1926 ipsi
325 1846 382 1907 sibi
404 1844 624 1927 praescribere,
648 1864 736 1925 quam
759 1845 795 1906 ab
819 1846 883 1907 aliis
906 1846 1007 1907 doceri
1030 1856 1180 1930 poterant,
1208 1862 1238 1910 et

68 1934 148 2012 quod
172 1933 208 1995 ab
231 1954 320 2015 opere
349 1935 532 2014 singubsque
561 1932 727 2014 legionibus
754 1934 886 2013 singulos
914 1934 1026 2014 legatos
1049 1936 1156 1997 Caesar
1179 1937 1236 1998 dis-

68 2023 175 2083 cedere
204 2025 261 2084 nisi
288 2026 410 2084 munitis
443 2025 548 2084 castris
583 2029 724 2084 vetuerat.
770 2021 807 2082 lli
837 2031 960 2101 propter
986 2027 1273 2104 propinquitatemt

66 2119 99 2172 et
124 2111 305 2173 celeritatem
332 2110 463 2173 hostium
490 2111 564 2171 nihil
586 2113 644 2171 iam
671 2109 804 2170 Caesaris
832 2112 990 2190 imperium
1018 2113 1237 2196 exspectabant,

66 2200 122 2260 sed
145 2219 199 2278 per
223 2219 264 2273 se,
288 2218 361 2279 quae
386 2199 569 2279 videbantur,
593 2198 843 2260 administrabant.

69 2441 104 2476 cu
123 2422 171 2476 ubi
189 2422 250 2478 visa
268 2424 344 2489 sunt,
363 2423 421 2479 iibs.
440 2423 490 2478 ihn
508 2425 581 2478 nach
600 2430 625 2492 1,
679 2424 883 2492 ponendum:
915 2423 1076 2480 eulsteoken
1106 2426 1165 2496 (uuf
1188 2427 1238 2482 dus

71 2499 104 2547 16
122 2512 156 2547 nu
174 2493 356 2562 quodGullia
370 2495 509 2564 -posita
528 2497 578 2551 est
592 2526 625 2535 -
681 2494 743 2548 Zelt
775 2494 823 2548 des
852 2493 1087 2566 Oberfeldherrn).
1121 2529 1154 2539 -
1186 2498 1237 2552 in·

64 2566 106 2618 ut
133 2563 308 2619 bezeichnet:
336 2565 402 2634 vvis,
429 2567 456 2619 d.
479 2564 497 2622 i.
520 2564 550 2620 iu
577 2566 628 2621 der
681 2564 789 2635 signe:
814 2565 864 2620 das
887 2565 1082 2622 Kennzeicheu
1105 2569 1238 2637 (ntmlich

70 2635 218 2706 Ordnung,
242 2635 293 2690 euf
313 2637 358 2691 die
377 2637 484 2706 Weiue,
507 2637 568 2692 wie.
593 2667 627 2677 -
681 2635 786 2704 daron,
814 2635 878 2690 dass
905 2636 950 2691 die
974 2637 1036 2692 Zeit
1063 2639 1099 2692 du
1127 2639 1180 2708 sei,
1204 2659 1239 2694 zu

67 2706 177 2761 aciem
201 2707 409 2776 ordinesque
434 2708 627 2763 constitue·
680 2707 813 2761 welcher:
837 2709 920 2775 cum).
940 2739 972 2748 -
997 2708 1133 2778 signum
1155 2712 1239 2766 tuba

65 2780 158 2833 rent:
187 2778 246 2832 sich
273 2796 322 2832 zur
344 2778 477 2833 Schlacht
502 2780 532 2833 in
556 2779 629 2834 Reih
681 2777 843 2831 dandume
862 2777 925 2831 dass
939 2777 984 2831 die
999 2778 1141 2848 Soldsten,
1154 2782 1238 2836 nach·

70 2848 127 2908 und
155 2848 237 2903 Glied
269 2848 431 2918 uufgestellt
457 2850 565 2904 hatten.
594 2881 627 2890 -
682 2848 746 2902 dem
761 2847 800 2902 sie
819 2847 879 2901 sich
898 2847 1081 2920 schlsglertig
1100 2853 1239 2921 gemacht,

69 2918 380 2974 confirmaverant:
399 2921 554 2974 ermuntert
567 2921 630 2975 hut·
682 2917 742 2973 sich
761 2916 910 2973 aufstellen
924 2919 1035 2976 sollteu.
1050 2951 1084 2961 -
1099 2923 1238 2992 aggeris

68 2991 132 3058 ten,
152 2990 276 3044 ndmh'ch
293 2990 385 3044 subito
399 2990 528 3045 omnibus
542 2990 629 3060 copiis
681 2989 837 3060 petendi:
878 2988 1007 3044 Materiul
1043 3010 1105 3046 zum
1137 2994 1239 3048 Dsmm

71 3059 191 3128 (erkl'tre
210 3061 263 3115 den
282 3061 392 3116 blossen
407 3061 513 3131 Ablet.)
529 3077 628 3131 provo·
681 3061 773 3116 holon.
793 3059 979 3130 —signum
998 3061 1157 3118 dandum:
1176 3082 1239 3119 zum

70 3132 138 3185 lare.
153 3161 186 3170 —
200 3132 487 3201 provolaverunt.-
505 3135 629 3187 stfirzteu
683 3130 815 3201 Angriffe
835 3162 868 3170 —
892 3137 918 3185 2.
941 3134 1109 3203 temporis
1126 3136 1238 3191 brevi·

70 3201 629 3274 sievvieimFlugehervor.-'l.pnene:
682 3205 735 3257 tas
761 3205 794 3256 et
819 3218 996 3258 successus
1021 3204 1183 3261 hostium:
1211 3208 1239 3262 et

70 3273 140 3327 iiber
163 3272 208 3328 die
232 3270 362 3357 Stellung
386 3292 406 3330 s.
426 3281 456 3344 6,
475 3281 517 3328 41.
537 3305 572 3315 -
594 3274 630 3330 in
683 3289 824 3328 successus
842 3273 965 3328 hostium
982 3275 1046 3345 fagr
1068 3276 1164 3346 hinnu,
1183 3295 1239 3333 vvo-

70 3344 449 3401 menibusnostriszuns
482 3347 629 3416 anznshe,
682 3344 770 3398 durch
796 3344 841 3398 die
867 3344 990 3400 brevitas
1015 3349 1150 3417 temporis
1180 3352 1240 3404 eut·

70 3414 101 3468 in
119 3432 216 3470 unsrer
233 3417 450 3471 unmittelbaren
493 3418 559 3483 bhe3
578 3416 630 3472 vvir
683 3415 773 3474 stand.
788 3445 822 3454 -
841 3421 865 3470 3.
884 3416 944 3470 His
963 3416 1239 3475 difficultatibus

70 3485 183 3540 kdnnen
215 3487 269 3540 den
299 3486 452 3542 bildlichen
483 3488 630 3543 Ausdruclr
682 3486 721 3540 ist
744 3485 843 3553 Dativ,
868 3505 902 3540 zu
926 3487 1054 3543 erkltren
1077 3489 1129 3544 mit
1152 3491 1240 3560 „fdr“‚

70 3556 150 3610 nicht
167 3557 349 3612 nachuhmen.
364 3589 400 3599 -
412 3558 628 3614 viderentur:
684 3557 710 3611 d.
729 3557 757 3612 h.
776 3575 824 3611 zur
842 3556 965 3612 Abhulfs
988 3559 1080 3615 dieser
1103 3562 1240 3616 sehwieri·

70 3627 157 3680 vviec.
169 3633 201 3682 18
215 3627 389 3684 videbantur.
401 3661 434 3669 —
445 3634 470 3683 8.
485 3630 629 3684 adverso
683 3645 737 3697 gen
755 3628 840 3698 Lege.
860 3658 893 3668 -
915 3646 997 3684 usus
1016 3655 1050 3676 ==
1068 3632 1239 3699 exercitatio,

70 3697 177 3751 colle:
197 3698 250 3752 den
267 3698 361 3768 Hiigel
382 3699 484 3754 hinsuf
500 3701 549 3769 (ist
566 3700 630 3754 Abl.
684 3716 705 3752 s.
727 3705 755 3768 1,
775 3705 809 3754 48
830 3717 864 3752 zu
882 3699 946 3754 dem
964 3701 1053 3756 Wort.
1090 3703 1155 3773 Vgl.
1174 3709 1238 3772 4,1

70 3766 134 3822 loci.
164 3798 197 3807 —
225 3785 283 3823 eos
312 3800 345 3808 —
373 3772 483 3825 erunt:
512 3771 629 3827 Schanz·
683 3770 756 3824 ratio
782 3771 865 3838 atque
890 3786 963 3828 usus.
983 3803 1016 3811 -
1040 3789 1105 3827 non
1130 3773 1241 3828 minus

73 3837 203 3896 urbeiter.
681 3857 793 3909 quam:
821 3859 842 3895 s.
868 3859 902 3894 zu
922 3847 946 3911 1,
966 3848 1008 3898 30.
1033 3874 1068 3882 -
1094 3844 1134 3897 ab
1160 3843 1240 3898 aliis

684 3911 803 3966 doceri
825 3913 989 3980 poterant
1012 3914 1071 3968 dbs.
1095 3913 1239 3971 activisch.

110 3980 177 4051 Cap.
197 3987 238 4036 20.
261 3988 283 4037 1.
303 4000 368 4037 uno
385 3984 553 4053 tempore:
573 4001 594 4038 s.
605 3989 629 4051 1,
684 4014 718 4023 -
732 3982 814 4036 nisi:
833 3982 955 4053 Beispiel
968 3983 1014 4036 fiir
1027 3984 1081 4038 den
1095 3983 1241 4041 Gebruuch

72 4052 233 4107 arcadem
247 4053 352 4109 Worts.
367 4085 400 4094 -
416 4057 515 4110 erant
533 4071 630 4125 ugen-
683 4069 738 4109 von
765 4053 820 4108 nisi
846 4053 876 4107 in
903 4053 953 4107 der
979 4053 1142 4126 Bedeutung
1172 4072 1239 4112 von:

70 4123 128 4177 ds:
151 4123 190 4179 ist
212 4122 291 4179 nicht
309 4125 396 4180 durch
418 4126 472 4180 deu
490 4125 628 4181 Indicativ
682 4141 785 4179 ausser.
820 4155 853 4163 -
886 4129 910 4178 4.
938 4124 1028 4177 nihil
1054 4126 1106 4180 vvie
1136 4134 1164 4195 1,
1192 4133 1240 4182 40:

72 4212 107 4248 zu
124 4195 300 4264 ubersetzem
319 4196 378 4252 elso
395 4197 485 4251 wofdr
503 4195 548 4251 ein
566 4195 628 4251 Boi·
682 4195 753 4249 nihil
771 4211 801 4248 se
820 4210 853 4248 ea
871 4211 900 4248 re
916 4197 1092 4253 commoveri.
1108 4215 1240 4267 -quae

71 4264 163 4334 spiell
204 4265 278 4321 Oder
304 4266 370 4337 fiige
398 4267 445 4322 bei
471 4267 630 4323 wbrtlicher
683 4265 905 4333 videbantur,
934 4265 1241 4325 administrabant:

72 4336 283 4407 Uebersetzung
296 4338 629 4407 „eigentlich“hinzu.-
683 4335 774 4391 trafen
801 4336 845 4390 die
873 4335 1131 4395 zweclsdienlichen
1153 4341 1247 4393 bluss-

72 4406 251 4463 vexillnm:
275 4409 356 4464 rothe
375 4409 477 4465 Fahne.
497 4442 529 4449 —
554 4426 631 4482 pro·
684 4407 793 4478 regeln.

124 4502 220 4545 (lassus
232 4515 267 4546 or
279 4516 300 4546 s.
316 4517 388 4548 cunr.
1042 4500 1065 4548 ‘o
