2804 4778
475 237 542 294 LIB.
561 238 595 292 ΙΙ.
625 236 702 291 CAP.
722 241 834 291 21-24.
1196 235 1238 300 67

74 405 210 486 stulabat,
233 422 300 465 cum
319 404 443 464 diversis
470 402 637 483 legionibus
664 401 736 462 aliae
765 402 819 462 alia
842 404 874 462 in
900 410 984 482 parte
1007 401 1143 464 hostibus
1166 405 1239 464 resi-

74 502 197 574 sterent,
221 493 400 573 sepibusque
424 492 617 572 densissimis,
640 499 674 551 ut
695 498 763 551 ante
783 491 1057 572 demonstravimus,
1075 493 1240 553 interiectis

72 590 249 662 prospectus
272 581 475 662 impediretur,
498 599 595 660 neque
619 587 700 640 certa
723 578 853 640 subsidia
877 579 1014 640 collocari
1038 598 1145 658 neque,
1168 580 1239 660 quid

72 675 104 732 in
123 689 239 750 quaque
262 677 346 750 parte
370 688 444 750 opus
463 677 551 750 esset,
573 668 723 748 provideri
741 686 838 745 neque
862 668 897 728 ab
921 687 981 728 uno
1000 671 1098 730 omnia
1115 671 1240 748 imperia

73 760 273 821 administrari
300 767 444 838 poterant.
490 758 592 836 ltaque
620 759 651 816 in
678 764 758 817 tauta
786 775 888 818 rerum
920 759 1075 836 iniquitate
1103 757 1274 818 fortunaee

74 866 192 928 quoque
215 856 339 908 eventus
361 849 435 907 varii
458 845 667 926 sequebantur.

162 933 212 997 23.
235 935 373 1016 Legionis
400 953 495 996 nonae
524 943 554 995 et
579 934 710 994 decimae
738 934 860 1016 milites,
888 943 923 995 ut
950 935 981 994 in
1009 936 1128 996 sinistra
1155 943 1239 1014 parte
1334 956 1337 961 ·

73 1027 135 1086 acie
159 1027 361 1104 constiterant,
384 1024 452 1104 pilis
475 1025 591 1084 emissis
615 1041 706 1083 cursu
729 1041 762 1083 ac
785 1023 957 1084 lassitudine
977 1026 1156 1084 exanimatos
1178 1022 1240 1084 vul·

73 1113 255 1192 neriluisque
279 1113 430 1174 conlectos
449 1111 604 1173 Atrebates
623 1105 705 1194 (nam
729 1111 774 1171 bis
794 1130 828 1172 ea
850 1130 919 1192 pars
938 1106 1112 1193 obvenerat)
1137 1111 1240 1173 celeri·

73 1211 120 1263 ter
143 1221 179 1262 ex
201 1201 266 1263 loco
290 1204 444 1281 superiore
467 1203 498 1261 in
521 1201 632 1261 llirmen
660 1199 867 1279 compulerunt
892 1208 922 1260 et
948 1202 1076 1261 transire
1100 1209 1240 1261 conantes

72 1292 201 1353 insecuti
231 1290 335 1370 gladiis
367 1307 500 1370 maguam
532 1298 648 1369 partem
679 1306 784 1349 eorum
817 1288 987 1368 impeditam
1015 1290 1240 1350 interfecerunt.

72 1379 132 1460 lpsi
155 1381 282 1440 transire
309 1378 419 1439 flumen
447 1396 507 1438 uon
535 1377 745 1455 dubitaverunt
773 1385 802 1437 et
829 1379 860 1438 in
888 1377 986 1440 locum
1014 1380 1149 1456 iniquum
1172 1387 1275 1456 pro-2

71 1470 167 1547 gressi
185 1486 291 1529 rursirs
310 1470 484 1528 resistentes
502 1467 604 1552 hostes
622 1465 823 1544 redintegrato
841 1466 953 1545 proelio
972 1469 1003 1527 in
1023 1466 1122 1545 lugam
1141 1468 1239 1528 conie-

71 1566 186 1618 cerunt.
232 1557 306 1618 ltem
336 1556 391 1616 alia
418 1558 449 1616 in
479 1564 563 1635 parte
592 1555 724 1639 diversae
752 1555 827 1616 duae
854 1555 999 1636 legiones,
1027 1554 1183 1616 undecima
1209 1562 1274 1615 eta

71 1653 181 1726 octava,
203 1645 365 1725 profligatis
387 1643 603 1724 Viromanduis,
627 1642 804 1723 quibuscum
828 1652 912 1705 erant
935 1647 1096 1725 congressi,
1120 1663 1156 1704 ex
1174 1643 1239 1703 loco

71 1737 225 1814 superiore
253 1736 284 1794 in
313 1736 386 1812 ipsis
415 1733 546 1794 fluminis
579 1735 654 1813 ripis
686 1731 914 1812 proeliabantur.
960 1733 998 1793 At
1028 1735 1098 1793 totis
1131 1734 1193 1792 lere
1223 1742 1275 1791 ae

71 1824 168 1883 lrcnte
192 1831 222 1883 et
248 1821 285 1882 ab
313 1824 432 1883 sinistra
459 1830 543 1902 parte
571 1820 689 1882 nudatis
716 1824 835 1895 eastris,
863 1839 932 1882 cum
958 1824 990 1882 in
1012 1821 1117 1882 dextro
1146 1838 1240 1881 cornu

70 1911 146 1991 legio
165 1910 339 1972 duodecima
358 1919 388 1974 et
410 1928 469 1970 non
489 1929 595 1989 magno
614 1909 650 1969 ab
674 1927 707 1969 ea
725 1908 879 1970 intervallo
901 1912 1026 1989 septima
1049 1911 1240 1988 constitisset,

71 2017 174 2060 omnes
197 1999 296 2059 Nervii
319 2000 537 2060 confertissimo
561 2000 676 2076 agmine
697 1996 773 2058 duce
797 1996 997 2077 Boduognato,
1021 1999 1072 2077 qui
1095 2014 1239 2057 summam

69 2090 187 2168 imperii
210 2087 338 2169 tenebat,
361 2087 396 2148 ad
421 2105 490 2148 eum
513 2086 611 2147 locum
635 2086 865 2167 contenderunt3
894 2104 1021 2165 quorum
1043 2104 1112 2167 pars
1136 2094 1274 2165 apertos

70 2176 162 2237 latere
185 2176 316 2256 legiones
344 2177 574 2257 circumvenire,
600 2192 669 2254 pars
697 2192 846 2235 summum
874 2182 1039 2236 castrorum
1067 2175 1166 2235 locum
1189 2192 1239 2254 pe·

71 2273 135 2326 tere
160 2283 212 2325 coe
234 2267 265 2325 it.

159 2284 346 2413 24.pEodem
371 2362 504 2432 tempore
524 2352 640 2431 equites
663 2353 758 2411 nostri
780 2351 912 2432 levisque
931 2364 1096 2414 armaturae
1115 2352 1242 2433 pedites,

70 2560 216 2629 Ordnuug,
240 2559 266 2616 d.
285 2559 312 2612 h.
332 2557 377 2612 die
395 2558 539 2629 geregelte
558 2556 626 2611 Ord-
680 2557 932 2613 dubitaverunt
955 2560 1025 2614 ltsst
1043 2560 1101 2615 sich
1120 2559 1240 2629 psssend

68 2649 152 2700 nung.
181 2631 245 2700 Vgl.
261 2637 286 2698 1,
300 2636 316 2683 2
332 2648 367 2683 zu
383 2646 435 2699 pro
449 2628 541 2699 gloria
558 2626 628 2682 belli
680 2627 768 2683 durch
795 2629 840 2683 eiu
866 2630 1038 2685 Aduerbium
1067 2632 1237 2685 ubersetzsu.

68 2704 154 2770 atque
189 2700 370 2757 fortitudinis.
405 2732 440 2740 -
477 2699 626 2754 diversis
681 2698 974 2770 -rediutegrato
993 2702 1129 2769 proelio
1148 2703 1239 2756 iibere.

68 2771 270 2843 legionibus
298 2802 331 2812 -
359 2774 473 2840 parte:
511 2769 627 2824 diversis
680 2769 767 2823 durch
796 2770 877 2825 einen
906 2771 970 2826 dem
997 2772 1156 2827 resistentes
1181 2770 1239 2826 bei·

69 2842 225 2913 legionibus
252 2841 314 2896 siud
337 2842 401 2895 Abl.
428 2842 494 2911 abs,
520 2841 557 2895 du
582 2840 627 2895 die
681 2839 852 2909 geordneteu
876 2841 987 2896 activeu
1011 2842 1085 2898 Satn.
1104 2874 1137 2882 -
1163 2858 1239 2896 cou-

30 2935 32 2940 *
70 2915 214 2984 Legionen
233 2931 269 2968 an
286 2911 502 2968 verschiedeneu
521 2911 627 2965 Stellen
680 2911 850 2966 iecerunt:
883 2912 962 2966 nieht
993 2914 1172 2984 „schlugeu“.
1205 2941 1239 2952 -

69 2984 201 3053 standeu,
234 2985 301 3038 oder
332 2983 464 3052 getheilt,
496 2983 627 3052 getrenut
680 2987 705 3037 3.
734 2982 891 3037 diversae
915 2984 945 3037 in
970 2984 1131 3040 demselben
1155 2982 1239 3038 Sinna

69 3072 176 3122 waren,
195 3055 252 3109 und
271 3054 316 3109 die
335 3054 417 3109 einen
430 3071 457 3108 u.
473 3071 493 3108 s.
507 3071 542 3106 w.
561 3052 626 3123 Vgl.
680 3052 733 3106 wie
752 3052 868 3108 diversis
886 3070 910 3111 c.
929 3060 971 3110 22.
993 3087 1024 3095 -
1049 3053 1239 3138 congressi:

69 3145 119 3181 nur
131 3126 342 3194 Uebersetzung
358 3141 414 3180 von
431 3124 504 3179 uliae
523 3122 580 3178 aliu
597 3123 627 3177 in
680 3124 733 3178 wie
757 3123 807 3179 dae
830 3140 915 3180 masc.
939 3127 1078 3196 congressi
1103 3127 1163 3181 s1cb
1190 3124 1241 3180 aui

68 3200 149 3269 parte
169 3203 192 3267 1,
211 3203 245 3252 39
265 3215 299 3251 nu
317 3195 388 3250 elius
407 3195 464 3250 aliu
481 3211 572 3251 cnusa.
593 3225 626 3234 --
680 3193 805 3264 legiones
827 3196 961 3251 beniehsn
983 3197 1072 3269 kann,
1096 3198 1134 3253 ist
1152 3196 1239 3252 leieht

68 3285 177 3337 neque
196 3271 291 3324 certa
307 3293 340 3314 =
359 3267 442 3322 certis
460 3266 543 3334 locis,
562 3265 626 3321 weil
680 3265 867 3321 zuerklbreu:
883 3269 1054 3324 constructio
1067 3269 1104 3324 sd
1118 3285 1238 3336 sensum,

67 3356 134 3395 meu
152 3340 198 3394 die
215 3340 411 3409 Bewegungen
433 3338 482 3392 des
500 3336 627 3405 Feiudes,
680 3331 752 3390 κατὰ
778 3332 899 3395 σύνεσιν,
924 3369 958 3379 -
984 3338 1019 3393 iu
1040 3341 1139 3410 ipsis:
1165 3339 1238 3408 hert,

68 3411 164 3467 seineu
185 3410 298 3482 Angriff
317 3426 415 3479 wegeu
439 3409 487 3464 des
510 3407 626 3462 Wsldes
679 3407 861 3463 unmittelbar
875 3426 918 3464 au.
933 3441 969 3451 —
983 3411 1085 3480 ripis=
1101 3411 1170 3466 iiber
1183 3410 1240 3465 den

68 3482 125 3536 und
144 3481 192 3538 des
210 3482 324 3537 dichten
339 3480 467 3550 Gsheges
482 3479 562 3533 nicht
579 3479 626 3534 be·
679 3477 774 3533 Plural
793 3498 814 3534 s.
834 3486 858 3548 1,
877 3487 912 3535 ut
930 3500 966 3535 zu
983 3482 1048 3536 dem
1066 3483 1161 3551 Wort,
1179 3479 1236 3551 ng

68 3552 183 3607 merkeu
201 3552 315 3607 konnte.
334 3582 367 3592 -
392 3557 417 3606 2.
440 3550 475 3604 in
492 3551 551 3605 ben.
571 3549 626 3604 deu
680 3554 705 3617 2,
725 3556 758 3604 19
777 3569 810 3605 zu
829 3551 893 3605 dem
910 3551 985 3606 Plur.
1005 3553 1101 3609 silvae.
1121 3585 1154 3594 -
1176 3558 1201 3606 4.
1221 3567 1238 3606 s

69 3623 178 3691 Grund,
197 3624 254 3693 vgl.
270 3629 294 3690 1,
310 3628 343 3676 33
362 3621 392 3675 in
409 3622 491 3676 tento
508 3620 625 3690 imperio
679 3620 797 3676 fronte
810 3622 888 3677 hatte
903 3622 948 3678 die
963 3629 1006 3678 11.
1020 3625 1077 3679 und
1092 3631 1115 3680 8.
1131 3622 1237 3693 Legion

67 3694 126 3749 und
146 3701 170 3761 1,
189 3699 222 3747 Ἡ
241 3694 271 3748 in
288 3694 369 3747 tantu
387 3691 574 3745 multitudine.
591 3721 625 3731 —
679 3691 737 3744 und
755 3691 792 3747 ab
811 3692 924 3748 sinistre
940 3697 1021 3763 parte
1040 3695 1085 3750 die
1104 3701 1128 3751 9.
1148 3713 1174 3749 u.
1196 3697 1236 3749 10.

68 3764 314 3835 sequebantur:
342 3764 467 3816 mussten
492 3761 625 3831 eriolgen.
679 3761 786 3831 Legion
800 3764 1007 3833 gestandeu.-
1020 3783 1093 3820 cum
1107 3761 1237 3820 cousti-

69 3837 95 3892 S.
116 3853 139 3890 c.
160 3841 194 3890 14
212 3853 247 3890 zu
264 3835 394 3905 perferre.
680 3832 783 3888 tisset
800 3835 837 3890 ist
849 3829 1080 3906 Erklbrungssatz
1099 3855 1133 3890 nu
1150 3833 1237 3889 nudu-

105 3907 171 3977 Cap.
189 3912 231 3961 23.
255 3913 279 3962 1.
299 3907 348 3961 ut:
367 3904 455 3959 dieses
475 3903 555 3958 utin
573 3901 626 3957 be·
680 3902 726 3958 tis.
750 3935 785 3946 -ω
811 3922 876 3960 non
902 3924 1022 3976 magno
1049 3907 1112 3977 gibt
1139 3905 1237 3960 sinen

68 3978 287 4049 griindendsr
305 3977 470 4044 Bedeutung
487 3974 526 4029 ist
545 3980 569 4042 1,
584 3979 627 4041 22,
681 3973 796 4046 Begriff,
811 3977 910 4032 darum
923 3977 1004 4032 nieht
1017 3994 1115 4047 neque.
1130 3975 1238 4046 —qui

68 4056 84 4104 3
117 4067 151 4105 zu
182 4053 215 4106 ut
241 4080 274 4090 —
301 4048 483 4118 praeceptum
513 4044 627 4100 erklbrt.
682 4063 842 4101 summam
859 4048 1002 4103 tenebat
1014 4049 1074 4103 libs.
1089 4047 1177 4102 durch
1191 4045 1238 4101 ein

69 4152 102 4160 -
122 4120 195 4176 acie
213 4120 252 4174 ist
265 4119 384 4175 Genitiv.
400 4148 433 4157 —
453 4116 626 4172 exanima·
682 4114 773 4172 Subst.
798 4150 831 4161 -
856 4124 880 4172 5.
905 4121 1025 4189 aperto
1044 4120 1154 4174 latere
1172 4118 1200 4172 d.
1217 4117 1236 4170 i.

67 4194 135 4247 tos:
154 4209 225 4262 gena
239 4191 387 4260 erscbbplt,
406 4205 500 4243 ausser
513 4187 625 4243 Athem.
681 4187 731 4242 auf
746 4189 796 4243 der
813 4189 909 4243 buhen
923 4189 1011 4259 Seite,
1029 4189 1135 4245 welche
1150 4188 1248 4244 durch*

69 4292 102 4302 -
127 4279 253 4318 eorum:
278 4281 298 4317 s.
318 4279 340 4316 c.
361 4267 391 4328 1,
411 4264 443 4313 12
468 4277 503 4312 zu
527 4274 573 4313 scs
593 4288 627 4298 —
681 4258 731 4312 das
749 4259 911 4314 Vorrricken
934 4260 983 4316 des
1005 4260 1102 4316 linken
1124 4259 1237 4332 Fltgels

69 4333 197 4388 concidit.
218 4365 251 4374 -
270 4329 626 4402 impeditamist1,12
680 4329 738 4383 und
774 4330 823 4385 des
859 4329 1064 4388 Mitteltreffens
1101 4331 1241 4388 sntbldeut

68 4403 174 4460 erklitrt
197 4405 255 4459 und
278 4404 425 4459 ilbersetzt.
450 4431 483 4440 -
510 4405 535 4456 2.
561 4415 628 4455 nou
680 4400 797 4457 worden
811 4418 883 4461 mur.
901 4434 935 4445 —
948 4403 1121 4474 leguntius
1142 4401 1214 4452 λὰ.
1227 4398 1263 4445 b..

1013 4489 1055 4545 b*
