2804 4778
480 231 548 286 LIB.
568 231 628 287 V11.
657 231 734 288 οΑΡ.
754 237 868 287 er-er.
1192 232 1258 296 249

87 400 165 458 torix
184 397 319 457 consedit
337 399 564 476 convocatisque
584 398 619 458 ad
640 398 799 458 concilium
816 399 975 477 praesectis
994 401 1128 478 equitum
1143 402 1258 460 venisse
1278 409 1295 458 6

87 495 204 564 tempus
227 488 367 547 victoriae
391 485 587 566 demonstrat3
611 486 714 565 lugere
738 489 768 546 in
787 489 969 565 provinciam
987 487 1135 548 Romanos
1155 487 1297 548 Gallia-4

87 592 145 653 que
173 574 331 654 excedere,
359 574 388 634 id
417 573 473 634 sibi
501 575 537 635 ad
564 583 752 654 praesentem
780 575 971 636 obtinendam
997 576 1165 637 libertatem
1188 579 1259 637 satis

87 681 166 742 esse;
190 662 225 722 ad
249 662 358 741 reliqui
382 665 524 741 temporis
545 681 647 742 pacem
667 672 755 743 atque
775 666 869 724 otium
882 683 988 743 parum
1002 666 1119 744 profici:
1142 668 1259 726 maiori-

86 751 142 811 bus
166 754 244 811 enim
269 753 380 812 coactis
404 753 497 830 copiis
525 770 699 813 reversuros
723 770 820 832 neque
845 753 934 813 tinem
963 753 1091 814 bellandi
1119 754 1259 815 facturos.

86 839 214 900 Proinde
242 842 357 918 agmine
386 840 543 919 impeditos
571 841 769 901 adorirentur.
821 841 853 901 Si
884 842 999 920 pedites
1028 845 1090 902 suis
1118 843 1297 904 auxiliume

86 929 184 988 lerant
211 937 299 1007 atque
327 931 357 988 in
386 947 421 988 eo
446 937 614 1003 morentur,
644 931 701 990 iter
727 929 824 990 iacere
848 948 907 989 non
930 948 1032 1010 posse3
1060 933 1099 1010 si,
1126 931 1155 991 id
1179 931 1259 1010 quod

86 1019 178 1095 magis
203 1017 338 1078 futurum
357 1016 501 1096 confidat,
524 1016 636 1077 relictis
659 1019 879 1096 impedimentis
898 1037 968 1078 suae
989 1019 1076 1080 saluti
1095 1020 1260 1098 consulant,

86 1114 116 1164 et
143 1124 200 1166 usu
228 1123 330 1166 rerum
358 1108 595 1166 necessariarum
619 1113 648 1166 et
675 1106 816 1184 dignitate
845 1107 1003 1185 spoliatum
1033 1110 1078 1167 iri.
1125 1107 1198 1167 Nam
1222 1107 1297 1167 dee

86 1193 237 1272 equitibus
265 1194 411 1274 hostium,
440 1196 511 1272 quin
536 1212 622 1254 nemo
646 1213 750 1255 eorum
773 1194 914 1274 progredi
936 1195 1024 1256 modo
1048 1205 1132 1256 extra
1155 1214 1261 1274 agmen

86 1282 207 1361 audeat,
230 1284 310 1360 ipsos
334 1282 454 1361 quidem
480 1300 539 1342 non
563 1282 672 1343 dehere
696 1282 841 1343 dubitare.
883 1283 915 1344 ld
939 1303 998 1362 quo
1018 1287 1128 1344 maiore
1152 1285 1261 1345 iaciant

87 1373 197 1444 animo,
221 1372 320 1448 copias
345 1388 376 1429 se
401 1388 504 1430 omnes
528 1389 581 1449 pro
606 1373 712 1431 castris
734 1371 905 1433 habiturum
929 1381 959 1431 et
987 1375 1096 1433 terrori
1123 1372 1260 1433 hostibus

87 1459 230 1519 futurum.
277 1458 468 1519 Conclamant
496 1460 626 1536 equites:
654 1462 840 1520 sanctissimo
868 1460 1061 1521 iureiurando
1091 1462 1296 1522 confirmarit

87 1556 240 1627 oportere,
269 1565 306 1607 ne
336 1556 415 1607 tecto
444 1549 619 1627 recipiatur,
647 1566 684 1608 ne
713 1548 748 1608 ad
775 1548 900 1628 liberos,
928 1567 964 1608 ne
989 1548 1201 1630 adparentes,
1224 1550 1260 1610 ad

89 1654 211 1696 errorem
227 1635 339 1696 aditum
359 1635 473 1715 haheat,
488 1639 539 1714 qui
559 1654 618 1695 non
637 1635 683 1696 bis
701 1655 756 1716 per
770 1655 875 1715 agmen
889 1637 1019 1698 hostium
1033 1641 1261 1716 perequitasset.

176 1721 227 1784 67.
251 1723 378 1784 Probata
396 1743 429 1784 re
449 1734 538 1802 atque
558 1724 696 1785 omnihus
719 1725 914 1786 iureiurando
934 1725 1045 1786 adactis
1067 1736 1189 1805 postero
1212 1727 1260 1788 die

87 1815 116 1872 in
141 1820 203 1873 tres
231 1820 331 1890 partes
355 1811 515 1873 distributo
539 1815 673 1891 equitatu
696 1814 771 1874 dnae
795 1832 827 1873 se
851 1815 929 1874 acies
952 1813 988 1874 ab
1019 1814 1136 1876 duobus
1162 1816 1261 1876 lateri·

86 1901 143 1961 hus
167 1900 341 1978 ostendunt,
364 1919 422 1961 una
446 1918 461 1959 a
484 1904 581 1979 primo
609 1903 724 1979 agmine
748 1905 806 1962 iter
829 1901 972 1980 impedire
996 1906 1103 1982 coepit.
1141 1903 1204 1974 Qua
1228 1923 1260 1964 re
1280 1913 1297 1960 2

86 2053 188 2108 bernis.
208 2082 242 2092 -
262 2059 286 2109 3.
305 2051 443 2107 venisse
465 2053 521 2107 het.
546 2051 646 2107 schari.
704 2052 881 2121 equitibus
904 2053 1054 2108 hostium
1073 2054 1162 2109 bildet
1180 2055 1261 2111 einen

87 2155 119 2163 -—
140 2130 165 2178 4.
184 2123 304 2194 fugere
323 2154 358 2164 -
378 2123 555 2178 excedere:
579 2123 648 2176 liber
703 2123 768 2178 Satn
785 2123 830 2176 fiir
848 2122 921 2188 sich3
947 2125 982 2178 de
1006 2125 1107 2179 heisst:
1131 2143 1187 2180 was
1210 2127 1261 2180 das

86 2196 113 2248 d.
132 2195 340 2264 Wortstellung
358 2193 434 2248 siehe
454 2200 483 2262 6,
508 2199 541 2247 12
560 2192 647 2247 Ende.
701 2193 820 2262 hetrifft,
843 2193 1054 2250 rucksiehtlich.
1074 2195 1209 2264 -quin
1226 2227 1261 2236 -

86 2266 138 2319 Die
163 2265 314 2334 folgenden
338 2265 419 2320 Satae
442 2265 533 2334 geben
556 2264 647 2332 Beisp.
702 2265 838 2319 audeat:
862 2265 932 2318 iiber
954 2264 999 2320 die
1024 2266 1214 2336 Satnstellung
1239 2286 1261 2322 s.

87 2355 121 2390 zu
144 2336 194 2389 der
217 2336 306 2390 Lehre
328 2353 384 2391 von
408 2336 458 2390 der
477 2334 553 2390 Orat.
578 2333 648 2389 obli·
704 2343 727 2404 1,
748 2343 780 2390 13
800 2335 857 2389 und
876 2342 901 2401 6,
921 2343 945 2390 3.
967 2368 1000 2376 -
1018 2354 1113 2392 nemo
1132 2355 1259 2394 eorum:

87 2425 155 2476 qua,
183 2407 211 2460 in
238 2407 358 2461 welcher
385 2406 430 2461 dia
458 2407 535 2460 modi
557 2406 648 2461 wech-
702 2407 1261 2464 merkenemoimNominativfiirnullus.

86 2479 154 2533 seln.
174 2509 206 2517 -
227 2477 356 2546 reliqui
370 2477 538 2547 temporis
557 2478 646 2532 iibere.

87 2550 174 2604 durch
202 2549 256 2603 Ein
280 2549 368 2603 Wort.
393 2579 427 2589 -
451 2554 475 2605 6.
502 2548 647 2618 agmine

86 2620 287 2689 impeditos:
319 2620 434 2676 hiermit
465 2620 553 2688 vergl.
581 2636 648 2672 man

87 2697 116 2758 3,
144 2697 180 2744 24
211 2691 361 2760 impeditos
388 2692 419 2746 in
450 2690 563 2762 agmine
591 2690 647 2744 und

86 2762 185 2816 mache
211 2762 271 2815 sich
296 2761 352 2816 den
373 2760 559 2816 Untersehied
582 2760 647 2815 zwi-

86 2834 171 2886 schen
196 2832 298 2886 beiden
324 2831 431 2887 Stellen
455 2833 526 2886 lilar.
552 2861 587 2870 -
613 2831 647 2885 Si

87 2934 120 2942 -
136 2903 177 2957 si:
196 2902 265 2956 iiber
280 2902 325 2956 die
338 2902 407 2956 anei
420 2902 481 2955 sich
495 2905 646 2972 entgegen·

86 2975 229 3042 geaetzten
251 2972 493 3042 Bedingungsatze
518 2991 538 3026 s.
559 2978 584 3039 5,
603 2978 647 3040 26,

87 3051 112 3098 6.
131 3073 165 3082 -
184 3043 336 3112 pedites:
360 3043 410 3099 der
428 3042 524 3097 Grund
547 3043 647 3111 daven,

87 3115 150 3169 dass
178 3114 239 3176 hier
269 3133 321 3168 nur
349 3114 399 3168 das
425 3114 576 3180 Fussvollr,
604 3113 646 3167 als

87 3185 230 3254 derjanige
258 3185 340 3240 Theil
371 3186 420 3240 des
447 3185 565 3250 Heeres,
597 3183 647 3239 der

86 3254 171 3310 Hiilfe
191 3256 308 3326 bringen
325 3257 432 3324 alinde,
456 3256 583 3310 erwbhnt
600 3254 646 3324 ist,

86 3328 124 3381 ist
147 3328 177 3381 in
200 3327 255 3382 den
274 3328 368 3382 walter
391 3329 478 3382 unten
495 3326 648 3395 folgenden

87 3398 205 3453 Worten
224 3399 383 3454 euthalten:
407 3415 473 3453 nam
492 3398 527 3452 de
545 3396 647 3466 equiti·

702 2509 735 2517 -
752 2477 913 2548 progredi
932 2479 1040 2534 modo:
1060 2498 1078 2534 s.
1094 2480 1163 2534 tiber
1177 2481 1263 2534 modo

701 2550 751 2603 das
780 2556 809 2617 6,
835 2555 852 2603 8
878 2567 911 2604 zu
937 2550 1076 2619 impetum
1103 2553 1186 2605 modo
1210 2551 1262 2606 Be-

700 2620 818 2675 merkte.
840 2621 984 2689 -ipsos
1003 2621 1149 2689 quidem:
1173 2622 1262 2675 durch
1330 2629 1336 2637 “

701 2691 815 2759 quidem
825 2691 896 2745 wird
910 2691 960 2744 das
975 2691 1090 2745 habente
1103 2691 1177 2760 ipsos
1188 2692 1262 2745 noch

700 2761 780 2817 mehr
809 2762 1049 2830 hervorgehobem
1077 2761 1130 2828 sie,
1160 2761 1206 2815 die
1229 2761 1262 2831 ja

701 2832 747 2886 die
764 2832 903 2887 remiache
922 2832 1117 2886 Reiterschaar
1135 2833 1261 2901 geschla

700 2920 763 2972 gen,
784 2933 816 2942 -
836 2903 873 2956 Id
892 2919 956 2971 quo
980 2903 1108 2957 maiore
1127 2901 1263 2956 faciant

701 2973 819 3027 anime
829 2972 939 3028 bezieht
953 2973 1013 3028 sich
1026 2972 1078 3028 auf
1089 2974 1135 3029 die
1149 2973 1262 3027 vorher-

701 3043 848 3114 gehenden
871 3044 982 3098 Worte:
1007 3044 1124 3114 proinde
1149 3044 1262 3114 agmine

701 3114 1105 3256 triturares
1129 3115 1262 3240 tur

875 3249 877 3252 .
900 3226 906 3251 r
942 3227 949 3239 ·
981 3225 986 3238 ·
1079 3215 1128 3239 ·''‘'
1161 3228 1166 3240 ·
1250 3215 1262 3225 '

702 3257 837 3311 fermari
864 3229 1185 3325 oporte102'Beispial
1212 3257 1262 3311 uer

702 3327 858 3382 Construct.
873 3344 937 3382 vom
952 3327 1064 3397 impera.
1079 3328 1215 3396 oportere.
1227 3358 1261 3365 -

702 3415 742 3453 ne
761 3428 795 3437 -
814 3414 969 3453 ne—ne:
989 3399 1065 3453 siehe
1084 3403 1109 3467 5,
1128 3405 1144 3452 6
1164 3417 1198 3452 zu
1216 3415 1262 3452 eu·

87 3469 138 3523 bus
152 3470 276 3524 hostium
290 3472 342 3525 etc.
360 3501 391 3511 -
406 3469 490 3524 suis:
509 3468 564 3523 den
578 3468 647 3522 lhri-
702 3469 806 3537 pidum.
823 3500 856 3508 -
871 3471 965 3524 tecto
983 3469 1187 3538 recipiatur:
1206 3485 1262 3524 we-

9 3566 11 3570 >
87 3558 150 3609 gen,
168 3540 195 3593 d.
210 3541 238 3593 h.
253 3540 307 3593 den
322 3541 461 3610 jedesmal
475 3537 647 3609 Angegriffe·
703 3539 749 3593 fiir
763 3539 807 3594 ein
816 3539 957 3609 Beispiel?
976 3540 1031 3593 Zur
1041 3541 1263 3609 Voranstellung

86 3628 149 3665 nen.
174 3641 207 3650 -
233 3611 312 3663 iter:
340 3610 370 3663 in
394 3611 440 3666 die
462 3611 588 3665 Provinz.
613 3640 647 3648 -
702 3626 757 3665 von
776 3609 907 3666 liberos
925 3611 1013 3682 vergl
1032 3629 1066 3665 nu
1085 3616 1261 3676 c.14‚10.-

86 3681 203 3736 facere
225 3697 291 3734 non
314 3696 427 3749 posse:
446 3698 503 3735 wer
520 3680 559 3734 ist
578 3681 648 3734 Sub·
704 3681 762 3750 qui
781 3698 857 3736 non:
876 3682 967 3737 wofur
982 3681 1177 3750 einBeispiel‘?
1199 3679 1261 3749 Vgl.

83 3753 159 3821 ject?
179 3751 265 3805 -id
284 3750 386 3819 quod:
410 3750 567 3820 „unddas,
589 3751 647 3804 und
701 3760 731 3819 4,
760 3758 784 3819 t,
811 3753 898 3807 Ende.
927 3784 961 3792 -
993 3750 1262 3821 perequitasset:

87 3822 200 3877 dieses“
225 3822 295 3876 wird
320 3839 357 3875 an
382 3821 428 3875 die
455 3821 547 3890 Spitze
573 3822 649 3877 eines
702 3820 755 3877 wir
774 3825 845 3878 auch
864 3823 966 3878 andere
986 3824 1131 3891 Tempora.

36 3891 39 3897 '
87 3893 183 3948 Satzes
201 3893 330 3962 gestellt,
353 3893 403 3948 der
421 3892 483 3947 eine
501 3892 649 3961 parenthe-
738 3893 805 3964 (lap.
825 3899 867 3948 67.
895 3895 928 3948 In
945 3893 1051 3947 diesem
1070 3891 1180 3959 Capitel
1197 3892 1263 3945 lidr-

86 3965 176 4019 tische
194 3965 354 4033 Erklhrung
376 3982 410 4018 au
433 3963 524 4019 einem
543 3963 649 4018 andern
702 3980 763 4018 nere
786 3964 880 4032 Setae,
906 3963 1073 4017 historische
1091 3962 1261 4030 Praesentia,

88 4036 168 4090 Satze
188 4036 305 4089 anthalt.
326 4066 359 4076 -
378 4033 499 4103 magia:
520 4035 594 4089 eher.
613 4064 649 4074 -—
702 4035 852 4103 Asyndeta.
870 4065 899 4073 -
918 4040 941 4087 1.
956 4032 1105 4086 Probata
1120 4062 1153 4071 -
1168 4033 1262 4087 adac-

86 4106 275 4176 dignitate:
293 4103 647 4174 Aueehen,Achtung,die
701 4105 747 4159 tis
771 4136 805 4145 —
827 4102 1028 4158 distributo:
1054 4102 1203 4157 distributo
1224 4102 1264 4157 ist

87 4177 132 4231 die
146 4177 250 4232 Rdmer
267 4176 311 4230 bis
326 4176 399 4246 J'etat
416 4176 525 4242 hatten,
543 4175 589 4229 die
608 4175 647 4230 aie
702 4175 746 4230 die
771 4175 859 4255 Folge
883 4190 938 4229 von
964 4173 1018 4228 den
1042 4173 1144 4229 beiden
1169 4177 1263 4228 ersten

87 4249 154 4302 aber
181 4247 317 4302 verlieren
346 4247 474 4313 wurden,
501 4263 583 4300 wenn
608 4245 648 4300 sie
701 4243 882 4314 Partieipren.
895 4276 929 4284 -
942 4262 1019 4299 una:
1036 4245 1142 4300 welche
1152 4245 1205 4298 Art
1214 4245 1263 4299 des

87 4318 132 4372 ihr
142 4317 257 4387 Gepaek
270 4318 300 4372 in
314 4317 360 4372 die
369 4318 468 4372 Hande
484 4316 648 4372 derh'einde
702 4316 882 4383 Asyudeton?
908 4347 943 4356 -
971 4316 1081 4384 primo
1114 4314 1261 4385 agmine:

86 4389 220 4443 hominen
247 4389 355 4443 liessen.
383 4419 415 4428 -
443 4395 467 4444 6.
492 4388 577 4442 Nam
607 4387 649 4440 de
701 4403 771 4441 vorn
790 4403 835 4440 am
854 4387 942 4458 Zuge;
968 4385 1014 4442 die
1033 4385 1139 4444 Gallier
1161 4386 1263 4457 griffen
