2804 4778
483 251 552 306 6116.
572 250 619 305 vl.
648 249 724 306 car.
744 256 858 305 11-1c.
1189 247 1251 312 181

78 428 113 481 et
132 425 254 498 repente
274 417 427 478 collectam
445 419 652 477 auctoritatem
670 416 818 477 tenebant.
860 416 903 476 Eo
924 425 988 477 tum
1010 423 1088 477 statu
1107 434 1156 476 res
1179 423 1252 496 crat,
1271 427 1287 476 9

80 516 115 570 ut
142 509 228 594 longe
256 509 407 585 principes
434 504 615 567 haberentur
644 505 751 585 Aedui,
781 506 944 566 secundnm
973 505 1071 566 locum
1102 505 1252 584 dignitatis

80 597 166 656 Remi
190 595 368 656 obtinerent.

174 681 223 745 13.
246 683 280 743 ln
299 685 379 744 omni
403 682 493 743 Gallie
517 700 620 744 eorum
644 683 811 760 bominum,
838 684 890 760 qui
913 682 1011 761 aliquo
1034 691 1104 742 sunt
1127 699 1252 743 numero

78 782 170 851 atque
193 773 316 851 honore,
339 790 448 851 genera
466 781 537 832 sunt
554 772 620 832 duo.
658 770 732 831 Nam
750 771 852 850 plebes
870 788 963 850 paene
987 789 1141 832 servorum
1164 769 1252 831 babe-

80 871 130 924 tur
150 861 224 942 loco,
245 879 319 938 quae
338 859 412 921 nibil
430 860 518 920 audet
535 879 590 939 per
608 878 650 941 se,
668 859 749 920 nullo
768 858 925 921 adhibetur
944 860 1075 920 consilio.
1105 858 1253 939 Plerique,
1271 869 1288 917 2

77 969 149 1011 cum
173 958 224 1010 aut
242 967 309 1009 aere
329 949 423 1009 abeno
447 957 498 1009 aut
522 949 722 1028 magnitudine
742 949 923 1010 tributorum
946 957 997 1008 ant
1018 950 1127 1009 iniuria
1149 956 1252 1027 poten·

80 1043 192 1100 tiorum
215 1046 402 1118 premuntur,
424 1056 490 1098 sese
513 1038 544 1097 in
567 1039 741 1098 servitutem
764 1037 862 1098 dicant
881 1035 1039 1097 nobilibus.
1075 1036 1109 1096 ln
1127 1037 1182 1096 hos
1206 1054 1252 1096 66-

78 1128 148 1188 dem
172 1129 270 1186 omnia
293 1135 363 1187 sunt
385 1128 459 1206 iura,
482 1143 557 1204 quae
581 1126 708 1186 dominis
731 1129 762 1185 in
786 1144 895 1187 servos,
933 1125 991 1186 Sed
1011 1126 1047 1186 de
1066 1123 1113 1186 his
1137 1124 1287 1186 duobus3

79 1215 241 1296 generibus
265 1214 390 1275 alterum
410 1222 456 1275 cst
479 1214 627 1296 druidum,
645 1213 770 1275 alterum
794 1215 936 1294 equitum.
973 1213 1018 1275 Illi
1037 1213 1128 1274 rebus
1146 1214 1252 1274 divinis
1271 1223 1289 1272 4

79 1309 244 1385 intersunt,
272 1304 415 1365 sacrificia
438 1302 556 1383 publica
581 1323 614 1363 ac
637 1305 750 1381 privata
778 1311 953 1384 procurant,
981 1302 1138 1381 religiones
1161 1304 1252 1363 inter·

82 1401 251 1475 pretentnr:
275 1392 311 1452 ad
335 1410 386 1452 eos
406 1410 528 1472 magnus
551 1392 785 1453 adulescentium
808 1408 951 1453 numerus
975 1391 1145 1471 disciplinae
1165 1407 1253 1451 causa

78 1484 243 1561 concurrit,
266 1499 431 1560 magnoque
450 1481 480 1540 hi
500 1491 569 1542 sunt
588 1479 665 1561 apud
685 1499 735 1541 eos
759 1479 880 1541 honore.
917 1479 990 1540 Nam
1014 1481 1077 1540 iere
1100 1480 1136 1540 de
1161 1481 1289 1539 omni-t

80 1571 136 1632 bus
165 1572 376 1631 controversiis
403 1570 530 1650 publicis
557 1571 738 1649 privatisque
767 1569 953 1632 constituunt
982 1579 1024 1649 et,
1053 1568 1181 1647 siquod
1208 1577 1255 1628 est

80 1661 244 1720 admissum
267 1660 391 1740 lacinus,
415 1662 440 1720 si
460 1660 566 1720 caedes
585 1661 670 1741 16616,
693 1663 718 1720 61
742 1660 779 1719 de
801 1658 974 1738 hereditate,
997 1658 1033 1718 de
1057 1657 1166 1717 finibus
1184 1675 1253 1717 con-

79 1750 227 1809 troversia
250 1756 309 1828 est,
336 1747 415 1808 idem
443 1749 622 1830 decernunt,
650 1751 780 1828 praemia
807 1765 976 1827 poenasque
1005 1749 1204 1826 constituun13
1229 1747 1289 1805 sic

79 1840 134 1915 qui
157 1845 207 1896 aut
229 1838 361 1914 privatus
389 1845 440 1896 aut
461 1837 590 1916 populus
619 1855 723 1897 eorum
751 1837 872 1897 decreto
895 1853 954 1896 non
979 1838 1074 1914 stetit,
1102 1835 1254 1895 sacrificiis

80 1924 273 1986 interdicunt.
319 1923 398 1984 llaec
420 1942 516 2004 poena
539 1924 616 2004 apud
641 1943 692 1984 eos
716 1933 762 1984 cst
784 1926 963 2002 gravissima.
1007 1922 1123 1994 Quibus
1144 1925 1183 1982 ita
1208 1930 1254 1983 est
1273 1935 1288 1984 'l

80 2014 287 2092 interdictum,
316 2011 347 2072 hi
374 2030 498 2073 numero
527 2015 687 2092 impiorum
716 2031 750 2073 ac
778 2012 990 2073 sceleratorum
1017 2010 1177 2091 habentur,
1207 2009 1254 2070 bis

79 2219 263 2288 regelm'eesig
276 2236 329 2271 nur
342 2217 391 2271 der
400 2217 475 2272 Plur.
487 2217 641 2287 gebraucht
697 2225 721 2274 3.
738 2216 814 2272 Sed:
832 2218 884 2273 mit
897 2218 1003 2273 diesem
1016 2215 1099 2272 Wort
1111 2215 1195 2270 kehrt
1208 2214 1255 2268 die

80 2289 204 2344 6161.-
220 2295 244 2343 9.
258 2288 468 2343 haberentur
483 2290 592 2344 Aedui
606 2320 640 2329 -
694 2290 771 2344 Reda
793 2289 897 2344 zurici<
918 2306 951 2343 zn
969 2289 1019 2344 der
1042 2286 1255 2357 engelangenen

80 2359 176 2416 Remi
200 2360 400 2415 obtinerent
418 2360 641 2415 steheninum·
693 2361 856 2431 Derlegung
891 2361 941 2416 der
977 2360 1047 2416 awei
1082 2359 1178 2413 Arten.
1219 2386 1254 2399 -

80 2430 231 2501 gelehrter
253 2431 352 2500 Folge3
379 2430 454 2485 diese
477 2433 529 2484 Art
548 2430 640 2486 Wort·
694 2438 719 2486 4.
738 2433 926 2486 intersunt:
949 2431 1083 2486 interesse
1102 2428 1188 2484 elicui
1204 2427 1255 2496 roi,

80 2503 206 2572 etelluug
224 2505 312 2556 neunt
325 2518 390 2556 man
405 2501 550 2556 0111661666
569 2497 640 2571 (zeoi-
694 2503 835 2558 handelnd
853 2504 899 2558 bei
922 2502 998 2557 einer
1018 2501 1106 2557 Sache
1129 2516 1255 2569 angegen

79 2575 151 2641 ζειν,
174 2572 326 2628 kreueweis
350 2573 472 2641 stellen);
499 2574 539 2628 616
563 2573 641 2628 dient
694 2574 762 2643 sein,
782 2574 841 2629 also
859 2573 954 2643 thetig
972 2573 1032 2628 sein
1045 2571 1092 2626 bei
1110 2574 1205 2626 etwas.
1220 2600 1254 2610 -

79 2645 159 2712 dnzu,
176 2643 222 2698 die
236 2642 408 2712 Gegens'dtne
421 2643 640 2699 nechdn'toklich
693 2646 891 2714 procurent:
907 2645 947 2699 sie
960 2643 1127 2698 bestimmen
1138 2641 1190 2695 Ort
1198 2640 1255 2695 und

78 2715 313 2770 hervornuheben.
341 2714 640 2785 Vgl.z.B.2,10de
693 2716 763 2784 Z'eit,
786 2717 839 2769 Art
857 2716 913 2768 und
931 2714 1024 2769 Weiee
1046 2714 1096 2767 der
1115 2711 1208 2781 Opfer,
1226 2729 1254 2767 6.

80 2787 266 2856 expugnando
292 2785 394 2854 oppido
418 2790 447 2840 et
469 2786 504 2840 de
526 2786 640 2841 flumine
693 2803 750 2840 wer
764 2787 804 2840 eie
823 2805 857 2840 zu
874 2785 1031 2840 vollziehen
1048 2784 1105 2838 het.
1120 2813 1156 2823 -
1171 2782 1255 2836 reli·

78 2857 261 2921 16666ωά6
282 2862 306 2923 7,
328 2864 341 2909 1
361 2856 475 2910 retineri
494 2887 526 2897 -
544 2859 640 2911 venire
692 2858 829 2926 gionee:
848 2856 981 2926 religidec
1000 2854 1172 2923 Gebrtuche,
1190 2852 1255 2908 reli·

80 2942 176 2996 possm
200 2934 224 2994 6,
246 2932 278 2981 16
302 2942 352 2995 pro
370 2926 431 2981 rite
448 2927 568 2982 hominis
586 2927 640 2981 nisi
693 2929 771 2998 gidse
789 2927 941 2982 Bedenken
959 2925 1109 3010 err-agenda
1127 2924 1254 2978 Erechei-

79 2997 203 3052 hominis
220 2997 288 3052 rita.
693 3015 818 3068 nungen3
845 2997 995 3069 religiones
1021 2997 1255 3066 interpretantur:

696 3070 754 3137 „eie
772 3069 835 3122 sind
854 3068 899 3123 die
917 3069 1024 3124 Lehrer
1041 3067 1098 3122 und
1112 3067 1255 3121 Vertreter

118 3137 639 3208 (lap.13.1.eliquo:s.1,14,2.
694 3141 744 3194 der
778 3139 909 3210 Religion
947 3140 1008 3209 ((166
1044 3139 1183 3207 Κ61166)“.
1220 3164 1254 3178 -·

79 3241 116 3251 -
130 3211 219 3264 loco:
237 3211 294 3280 rgl
310 3227 333 3264 c.
349 3217 365 3265 6
384 3228 418 3264 nn
432 3210 555 3266 custodis
568 3211 640 3266 loco.
694 3227 883 3281 magnoque
906 3209 953 3265 hi:
976 3210 1007 3264 hi
1025 3209 1087 3264 sind
1108 3208 1154 3263 die
1173 3206 1255 3262 Drui-

80 3312 115 3322 -
138 3281 234 3335 nullo
258 3311 291 3319 —
316 3281 475 3336 oonsilio:
499 3299 547 3335 znr
570 3280 640 3336 Oon·
694 3282 805 3337 (166-
825 3283 1001 3350 epudeos:
1021 3281 1084 3337 di.
1104 3278 1255 3335 Gallos.—

79 3353 177 3407 etruct.
204 3368 260 3407 von
287 3351 420 3407 adhibere
447 3352 534 3422 vergi,
558 3359 587 3420 1,
605 3359 640 3408 to
693 3359 719 3407 5.
733 3353 816 3407 fere:
832 3353 878 3407 die
892 3352 1057 3422 Bedentung
1070 3371 1090 3406 e.
1106 3357 1131 3418 o,
1146 3357 1194 3417 533
1208 3350 1255 3404 die

79 3426 234 3477 convocato
259 3423 376 3478 consilio
400 3422 579 3494 omniumque
597 3439 639 3478 or·
695 3423 973 3494 Stellun33,12.-
992 3424 1031 3479 de
1050 3423 1205 3478 omnibus
1220 3450 1254 3461 -—

79 3494 178 3548 dinum
207 3492 249 3547 nd'
270 3494 299 3548 id
331 3493 478 3549 eonsilium
505 3494 640 3549 adhibitis
694 3495 928 3549 constituunt:
954 3493 1122 3549 constituere
1145 3494 1180 3548 de
1204 3492 1255 3546 eli·

79 3564 297 3630 centurionibus,
316 3564 374 3619 und
389 3571 413 3633 7,
429 3571 462 3619 77
481 3582 571 3635 neque
589 3566 640 3621 hoe
694 3583 750 3634 que
777 3582 819 3620 re:
851 3567 921 3620 uber
947 3568 1034 3621 etwas
1065 3564 1254 3620 entecheiden.

80 3635 225 3689 habendos
239 3634 343 3688 civium
356 3636 418 3689 loco
431 3637 641 3704 nequeedcon·
695 3636 732 3691 So
750 3637 838 3691 heiest
862 3637 983 3705 666114,
1003 3643 1035 3690 11
1058 3636 1254 3705 cognosceret?

80 3705 178 3760 cilium
192 3705 364 3760 adhibendos
378 3721 485 3760 censeo.
509 3707 562 3760 Die
571 3706 641 3761 (lon-
695 3737 729 3748 -
753 3707 842 3762 idem
866 3732 899 3753 ι-
922 3707 1015 3763 iidem.
1040 3738 1072 3748 —
1102 3713 1126 3761 6.
1146 3704 1175 3759 61
1197 3704 1255 3773 qui

81 3778 179 3831 struet.
197 3775 251 3830 mit
268 3776 318 3830 der
334 3776 449 3846 Prtpos.
473 3777 510 3831 iet
528 3777 575 3832 die
593 3794 640 3847 ge·
694 3779 754 3833 ant
767 3778 939 3848 privatum
954 3779 1003 3847 qui
1017 3777 1169 3842 istSnbet.;
1183 3776 1255 3829 (1666

81 3847 285 3912 wdhnlichere;
303 3846 398 3902 merke
412 3846 484 3901 auch
498 3847 544 3902 die
557 3848 641 3903 Form
695 3850 746 3903 dee
768 3849 898 3920 Adjeotiv
925 3849 1052 3919 privatus
1077 3847 1180 3900 nabere
1203 3846 1254 3899 Be-

78 3918 159 3973 nnllo
178 3920 247 3973 statt
265 3918 348 3986 nulli;
371 3918 574 3988 66631617,
597 3936 640 3974 wo
695 3921 856 3990 stimmnng.
885 3949 919 3960 -
951 3935 1015 3973 non
1047 3917 1162 3971 stetit:
1195 3916 1255 3970 sich

80 3990 216 4045 ebenfalle
238 3989 299 4044 eine
317 3989 401 4043 Form
423 3989 511 4058 steht,
535 3990 641 4045 welche
694 3991 775 4046 nicht
792 3991 924 4060 berchigt
938 3991 995 4056 het,
1015 3988 1075 4041 sich
1091 3987 1170 4042 nicht
1182 3987 1254 4057 fugt.

80 4076 143 4133 von
160 4061 210 4115 der
232 4060 445 4131 gewdhnlichen
462 4060 641 4116 Decliuation
693 4058 1254 4123 116111666161606661666116666661666

79 4131 227 4186 abweicbt.
254 4131 346 4186 Ueber
361 4131 408 4186 die
420 4131 570 4186 Redeform
583 4132 640 4187 und
693 4133 724 4186 in
742 4133 846 4187 diesem
866 4131 1007 4185 81666-
1026 4129 1254 4183 interdicunt:

81 4203 151 4257 iiber
169 4203 218 4256 (166
236 4204 333 4257 weiter
355 4204 442 4256 unten
464 4201 593 4272 folgende
612 4203 641 4259 si
693 4202 816 4271 Beiepiel
839 4202 888 4256 der
907 4201 1063 4256 construet.
1087 4199 1139 4254 mit
1161 4206 1177 4252 2
1199 4198 1254 4253 Ob-

82 4303 117 4314 -
141 4273 169 4327 si
192 4274 268 4328 siehe
292 4279 357 4340 6,6
382 4291 415 4326 zu
438 4273 578 4343 cupidum.
607 4305 640 4315 -
693 4274 800 4344 jecten,
823 4289 877 4327 von
896 4271 986 4327 denen
1004 4271 1065 4327 hier
1083 4271 1142 4325 eins
1160 4289 1194 4325 zu
1212 4286 1255 4324 er-

80 4350 107 4398 2.
131 4345 316 4400 nobilibus.
341 4345 377 4398 In
401 4345 473 4399 hos:
497 4342 578 4399 delur
595 4345 641 4399 die
695 4343 864 4414 genneniet
884 4343 999 4412 sichel,
1018 4348 1061 4398 46.
1088 4343 1143 4396 Mit
1160 4342 1256 4397 diesen

82 4415 127 4471 W.
145 4417 178 4469 A.
197 4415 346 4486 nobilibus,
365 4415 467 4485 quibus
485 4415 515 4469 in
533 4414 591 4473 hoe.
607 4445 640 4457 -
694 4416 813 4470 Wnrten
829 4415 869 4470 iet
886 4430 968 4470 unser
985 4414 1034 4483 „in
1051 4414 1106 4469 den
1121 4413 1255 4468 Kirehen-
