<?xml version="1.0" encoding="UTF-8"?>
<!DOCTYPE html PUBLIC "-//W3C//DTD XHTML 1.0 Transitional//EN"
    "http://www.w3.org/TR/xhtml1/DTD/xhtml1-transitional.dtd">
<html xmlns="http://www.w3.org/1999/xhtml" xml:lang="en" lang="en">
 <head>
  <title>
</title>
<meta http-equiv="Content-Type" content="text/html;charset=utf-8" />
  <meta name='ocr-system' content='tesseract 3.04.00' />
  <meta name='ocr-capabilities' content='ocr_page ocr_carea ocr_par ocr_line ocrx_word'/>
</head>
<body>
  <div class='ocr_page' id='page_1' title='image "./ciuliicaesarisc00dobegoog_0170.png"; bbox 0 0 2804 4778; ppageno 0'>
   <div class='ocr_carea' id='block_1_1' title="bbox 167 224 931 290">
    <p class='ocr_par' dir='ltr' id='par_1_1' title="bbox 167 224 931 290">
     <span class='ocr_line' id='line_1_1' title="bbox 167 224 931 290; baseline -0.009 -2"><span class='ocrx_word' id='word_1_1' title='bbox 167 226 230 290; x_wconf 89' lang='grc'><strong>148</strong></span> <span class='ocrx_word' id='word_1_2' title='bbox 568 226 617 279; x_wconf 87' lang='lat' dir='ltr'><strong>DE</strong></span> <span class='ocrx_word' id='word_1_3' title='bbox 636 224 754 279; x_wconf 82' lang='lat' dir='ltr'>BELLO</span> <span class='ocrx_word' id='word_1_4' title='bbox 773 224 931 281; x_wconf 73' lang='lat' dir='ltr'><strong>donnico</strong></span> 
     </span>
    </p>
   </div>
   <div class='ocr_carea' id='block_1_2' title="bbox 22 388 1347 2236">
    <p class='ocr_par' dir='ltr' id='par_1_2' title="bbox 22 388 1347 2236">
     <span class='ocr_line' id='line_1_2' title="bbox 130 388 1339 472; baseline -0.007 -16"><span class='ocrx_word' id='word_1_5' title='bbox 130 408 225 472; x_wconf 80' lang='lat' dir='ltr'><strong>equa</strong></span> <span class='ocrx_word' id='word_1_6' title='bbox 247 393 324 470; x_wconf 83' lang='lat' dir='ltr'><strong>legio</strong></span> <span class='ocrx_word' id='word_1_7' title='bbox 348 391 457 452; x_wconf 78' lang='lat' dir='ltr'>alterae</span> <span class='ocrx_word' id='word_1_8' title='bbox 479 391 589 469; x_wconf 82' lang='lat' dir='ltr'><strong>legioni</strong></span> <span class='ocrx_word' id='word_1_9' title='bbox 612 390 745 452; x_wconf 91' lang='lat' dir='ltr'><strong>subsidio</strong></span> <span class='ocrx_word' id='word_1_10' title='bbox 765 392 867 451; x_wconf 86' lang='lat' dir='ltr'><strong>venire</strong></span> <span class='ocrx_word' id='word_1_11' title='bbox 890 399 1001 470; x_wconf 90' lang='lat' dir='ltr'><strong>posset.</strong></span> <span class='ocrx_word' id='word_1_12' title='bbox 1041 390 1108 450; x_wconf 78' lang='lat' dir='ltr'><strong>lion</strong></span> <span class='ocrx_word' id='word_1_13' title='bbox 1131 388 1216 450; x_wconf 85' lang='lat' dir='ltr'><strong>iaeile</strong></span> <span class='ocrx_word' id='word_1_14' title='bbox 1239 388 1339 448; x_wconf 85' lang='lat' dir='ltr'><strong>Gallos</strong></span> 
     </span>
     <span class='ocr_line' id='line_1_3' title="bbox 166 478 1342 559; baseline -0.003 -18"><span class='ocrx_word' id='word_1_15' title='bbox 166 481 256 541; x_wconf 86' lang='lat' dir='ltr'><strong>Gallis</strong></span> <span class='ocrx_word' id='word_1_16' title='bbox 279 499 387 559; x_wconf 84' lang='lat' dir='ltr'><strong>negare</strong></span> <span class='ocrx_word' id='word_1_17' title='bbox 415 482 563 559; x_wconf 87' lang='lat' dir='ltr'><strong>potuisse,</strong></span> <span class='ocrx_word' id='word_1_18' title='bbox 590 481 767 559; x_wconf 88' lang='lat' dir='ltr'><strong>praesertim</strong></span> <span class='ocrx_word' id='word_1_19' title='bbox 795 497 864 540; x_wconf 94' lang='lat' dir='ltr'><strong>cum</strong></span> <span class='ocrx_word' id='word_1_20' title='bbox 892 479 928 538; x_wconf 91' lang='lat' dir='ltr'><strong>de</strong></span> <span class='ocrx_word' id='word_1_21' title='bbox 959 478 1162 557; x_wconf 88' lang='lat' dir='ltr'><strong>recuperanda</strong></span> <span class='ocrx_word' id='word_1_22' title='bbox 1190 479 1342 538; x_wconf 91' lang='lat' dir='ltr'><strong>communi</strong></span> 
     </span>
     <span class='ocr_line' id='line_1_4' title="bbox 132 566 1341 646; baseline -0.005 -15"><span class='ocrx_word' id='word_1_23' title='bbox 132 569 303 631; x_wconf 82' lang='lat' dir='ltr'><strong>&#39;tlihertate</strong></span> <span class='ocrx_word' id='word_1_24' title='bbox 327 568 483 628; x_wconf 92' lang='lat' dir='ltr'><strong>consilium</strong></span> <span class='ocrx_word' id='word_1_25' title='bbox 505 569 613 628; x_wconf 90' lang='lat' dir='ltr'><strong>initum</strong></span> <span class='ocrx_word' id='word_1_26' title='bbox 636 567 797 628; x_wconf 86' lang='lat' dir='ltr'><strong>videretur.</strong></span> <span class='ocrx_word' id='word_1_27' title='bbox 844 566 960 637; x_wconf 84' lang='lat' dir='ltr'><strong>Quibus</strong></span> <span class='ocrx_word' id='word_1_28' title='bbox 990 569 1129 645; x_wconf 88' lang='lat' dir='ltr'><strong>quoniam</strong></span> <span class='ocrx_word' id='word_1_29' title='bbox 1151 585 1208 646; x_wconf 91' lang='lat' dir='ltr'><strong>pro</strong></span> <span class='ocrx_word' id='word_1_30' title='bbox 1230 567 1341 645; x_wconf 85' lang='lat' dir='ltr'><strong>pietate</strong></span> 
     </span>
     <span class='ocr_line' id='line_1_5' title="bbox 167 653 1342 737; baseline -0.003 -19"><span class='ocrx_word' id='word_1_31' title='bbox 167 659 353 737; x_wconf 77' lang='lat' dir='ltr'><strong>satisfecerit,</strong></span> <span class='ocrx_word' id='word_1_32' title='bbox 377 656 485 716; x_wconf 91' lang='lat' dir='ltr'><strong>habere</strong></span> <span class='ocrx_word' id='word_1_33' title='bbox 506 675 586 716; x_wconf 91' lang='lat' dir='ltr'><strong>nunc</strong></span> <span class='ocrx_word' id='word_1_34' title='bbox 609 675 641 715; x_wconf 92' lang='lat' dir='ltr'><strong>se</strong></span> <span class='ocrx_word' id='word_1_35' title='bbox 665 659 811 715; x_wconf 90' lang='lat' dir='ltr'><strong>rationem</strong></span> <span class='ocrx_word' id='word_1_36' title='bbox 829 656 920 715; x_wconf 86' lang='lat' dir='ltr'><strong>officii</strong></span> <span class='ocrx_word' id='word_1_37' title='bbox 943 674 999 734; x_wconf 94' lang='lat' dir='ltr'><strong>pro</strong></span> <span class='ocrx_word' id='word_1_38' title='bbox 1022 655 1175 715; x_wconf 87' lang='lat' dir='ltr'><strong>beneficiis</strong></span> <span class='ocrx_word' id='word_1_39' title='bbox 1193 653 1342 714; x_wconf 79' lang='lat' dir='ltr'><strong>Caesaris:</strong></span> 
     </span>
     <span class='ocr_line' id='line_1_6' title="bbox 166 742 1343 825; baseline -0.003 -20"><span class='ocrx_word' id='word_1_40' title='bbox 166 765 302 825; x_wconf 90' lang='lat' dir='ltr'><strong>monere,</strong></span> <span class='ocrx_word' id='word_1_41' title='bbox 329 763 416 805; x_wconf 91' lang='lat' dir='ltr'><strong>orare</strong></span> <span class='ocrx_word' id='word_1_42' title='bbox 443 744 593 805; x_wconf 90' lang='lat' dir='ltr'><strong>Titurium</strong></span> <span class='ocrx_word' id='word_1_43' title='bbox 623 763 679 824; x_wconf 90' lang='lat' dir='ltr'><strong>pro</strong></span> <span class='ocrx_word' id='word_1_44' title='bbox 702 743 845 824; x_wconf 91' lang='lat' dir='ltr'><strong>hospitio,</strong></span> <span class='ocrx_word' id='word_1_45' title='bbox 874 752 908 803; x_wconf 92' lang='lat' dir='ltr'><strong>ut</strong></span> <span class='ocrx_word' id='word_1_46' title='bbox 935 762 1007 803; x_wconf 89' lang='lat' dir='ltr'><strong>suae</strong></span> <span class='ocrx_word' id='word_1_47' title='bbox 1035 762 1069 803; x_wconf 92' lang='lat' dir='ltr'><strong>ac</strong></span> <span class='ocrx_word' id='word_1_48' title='bbox 1098 742 1225 804; x_wconf 90' lang='lat' dir='ltr'><strong>militum</strong></span> <span class='ocrx_word' id='word_1_49' title='bbox 1254 742 1343 802; x_wconf 91' lang='lat' dir='ltr'><strong>saluti</strong></span> 
     </span>
     <span class='ocr_line' id='line_1_7' title="bbox 133 830 1340 910; baseline -0.004 -15"><span class='ocrx_word' id='word_1_50' title='bbox 133 849 149 895; x_wconf 89' lang='lat'><em>8</em></span> <span class='ocrx_word' id='word_1_51' title='bbox 169 834 313 895; x_wconf 90' lang='lat' dir='ltr'><strong>consulat.</strong></span> <span class='ocrx_word' id='word_1_52' title='bbox 350 833 484 910; x_wconf 83' lang='lat' dir='ltr'><strong>Magnam</strong></span> <span class='ocrx_word' id='word_1_53' title='bbox 507 851 627 892; x_wconf 88' lang='lat' dir='ltr'><strong>manum</strong></span> <span class='ocrx_word' id='word_1_54' title='bbox 646 832 862 893; x_wconf 90' lang='lat' dir='ltr'><strong>Germanorum</strong></span> <span class='ocrx_word' id='word_1_55' title='bbox 888 832 1065 910; x_wconf 90' lang='lat' dir='ltr'><strong>conductam</strong></span> <span class='ocrx_word' id='word_1_56' title='bbox 1082 830 1220 891; x_wconf 87' lang='lat' dir='ltr'><strong>Rhenum</strong></span> <span class='ocrx_word' id='word_1_57' title='bbox 1244 839 1340 891; x_wconf 89' lang='lat' dir='ltr'><strong>trans·</strong></span> 
     </span>
     <span class='ocr_line' id='line_1_8' title="bbox 132 919 1344 1002; baseline -0.005 -18"><span class='ocrx_word' id='word_1_58' title='bbox 132 926 239 1002; x_wconf 71' lang='lat' dir='ltr'><strong>trisse,</strong></span> <span class='ocrx_word' id='word_1_59' title='bbox 262 922 339 982; x_wconf 90' lang='lat' dir='ltr'><strong>hanc</strong></span> <span class='ocrx_word' id='word_1_60' title='bbox 362 923 452 981; x_wconf 82' lang='lat' dir='ltr'><strong>affore</strong></span> <span class='ocrx_word' id='word_1_61' title='bbox 481 920 580 981; x_wconf 90' lang='lat' dir='ltr'><strong>biduo.</strong></span> <span class='ocrx_word' id='word_1_62' title='bbox 625 920 762 1000; x_wconf 90' lang='lat' dir='ltr'><strong>Ipsorum</strong></span> <span class='ocrx_word' id='word_1_63' title='bbox 795 940 861 981; x_wconf 89' lang='lat' dir='ltr'><strong>esse</strong></span> <span class='ocrx_word' id='word_1_64' title='bbox 891 920 1062 999; x_wconf 86' lang='lat' dir='ltr'><strong>consilium,</strong></span> <span class='ocrx_word' id='word_1_65' title='bbox 1092 919 1222 980; x_wconf 80' lang='lat' dir='ltr'><strong>velintne</strong></span> <span class='ocrx_word' id='word_1_66' title='bbox 1250 920 1344 999; x_wconf 88' lang='lat' dir='ltr'><strong>prius,</strong></span> 
     </span>
     <span class='ocr_line' id='line_1_9' title="bbox 168 1006 1342 1090; baseline -0.005 -18"><span class='ocrx_word' id='word_1_67' title='bbox 168 1030 257 1090; x_wconf 90' lang='lat' dir='ltr'><strong>quam</strong></span> <span class='ocrx_word' id='word_1_68' title='bbox 280 1012 397 1070; x_wconf 87' lang='lat' dir='ltr'><strong>linitimi</strong></span> <span class='ocrx_word' id='word_1_69' title='bbox 421 1012 559 1088; x_wconf 79' lang='lat' dir='ltr'><strong>sentiant,</strong></span> <span class='ocrx_word' id='word_1_70' title='bbox 583 1009 706 1069; x_wconf 90' lang='lat' dir='ltr'><strong>eductos</strong></span> <span class='ocrx_word' id='word_1_71' title='bbox 729 1028 765 1069; x_wconf 88' lang='lat' dir='ltr'><strong>ex</strong></span> <span class='ocrx_word' id='word_1_72' title='bbox 794 1009 929 1069; x_wconf 91' lang='lat' dir='ltr'><strong>hibernis</strong></span> <span class='ocrx_word' id='word_1_73' title='bbox 958 1008 1068 1068; x_wconf 82' lang='lat' dir='ltr'><strong>milites</strong></span> <span class='ocrx_word' id='word_1_74' title='bbox 1091 1008 1201 1068; x_wconf 88' lang='lat' dir='ltr'><strong>autad</strong></span> <span class='ocrx_word' id='word_1_75' title='bbox 1224 1006 1342 1067; x_wconf 83' lang='lat' dir='ltr'><strong>Cicero·</strong></span> 
     </span>
     <span class='ocr_line' id='line_1_10' title="bbox 168 1095 1343 1176; baseline -0.003 -17"><span class='ocrx_word' id='word_1_76' title='bbox 168 1118 237 1160; x_wconf 95' lang='lat' dir='ltr'><strong>nem</strong></span> <span class='ocrx_word' id='word_1_77' title='bbox 261 1099 370 1160; x_wconf 90' lang='lat' dir='ltr'><strong>autad</strong></span> <span class='ocrx_word' id='word_1_78' title='bbox 393 1097 557 1157; x_wconf 88' lang='lat' dir='ltr'><strong>Labienum</strong></span> <span class='ocrx_word' id='word_1_79' title='bbox 580 1096 747 1176; x_wconf 81' lang='lat' dir='ltr'><strong>deducere,</strong></span> <span class='ocrx_word' id='word_1_80' title='bbox 771 1115 899 1175; x_wconf 90' lang='lat' dir='ltr'><strong>quorum</strong></span> <span class='ocrx_word' id='word_1_81' title='bbox 922 1096 997 1156; x_wconf 94' lang='lat' dir='ltr'><strong>alter</strong></span> <span class='ocrx_word' id='word_1_82' title='bbox 1020 1095 1099 1156; x_wconf 91' lang='lat' dir='ltr'><strong>milia</strong></span> <span class='ocrx_word' id='word_1_83' title='bbox 1121 1113 1264 1175; x_wconf 84' lang='lat' dir='ltr'><strong>passuum</strong></span> <span class='ocrx_word' id='word_1_84' title='bbox 1287 1097 1343 1155; x_wconf 92' lang='lat' dir='ltr'><strong>cir·</strong></span> 
     </span>
     <span class='ocr_line' id='line_1_11' title="bbox 118 1183 1346 1264; baseline -0.005 -15"><span class='ocrx_word' id='word_1_85' title='bbox 118 1202 152 1249; x_wconf 91' lang='lat'><strong>10</strong></span> <span class='ocrx_word' id='word_1_86' title='bbox 170 1191 246 1249; x_wconf 89' lang='lat' dir='ltr'><strong>citer</strong></span> <span class='ocrx_word' id='word_1_87' title='bbox 273 1187 310 1260; x_wconf 89' lang='lat' dir='ltr'><strong>L,</strong></span> <span class='ocrx_word' id='word_1_88' title='bbox 339 1185 412 1246; x_wconf 88' lang='lat' dir='ltr'><strong>alter</strong></span> <span class='ocrx_word' id='word_1_89' title='bbox 441 1185 529 1264; x_wconf 91' lang='lat' dir='ltr'><strong>paulo</strong></span> <span class='ocrx_word' id='word_1_90' title='bbox 559 1186 685 1264; x_wconf 92' lang='lat' dir='ltr'><strong>amplius</strong></span> <span class='ocrx_word' id='word_1_91' title='bbox 717 1185 753 1245; x_wconf 95' lang='lat' dir='ltr'><strong>ab</strong></span> <span class='ocrx_word' id='word_1_92' title='bbox 787 1188 824 1245; x_wconf 92' lang='lat' dir='ltr'><strong>iis</strong></span> <span class='ocrx_word' id='word_1_93' title='bbox 854 1183 939 1245; x_wconf 80' lang='lat' dir='ltr'><strong>absit.</strong></span> <span class='ocrx_word' id='word_1_94' title='bbox 985 1184 1061 1245; x_wconf 93' lang='lat' dir='ltr'><strong>lllud</strong></span> <span class='ocrx_word' id='word_1_95' title='bbox 1088 1203 1120 1244; x_wconf 91' lang='lat' dir='ltr'><strong>se</strong></span> <span class='ocrx_word' id='word_1_96' title='bbox 1148 1183 1284 1262; x_wconf 79' lang='lat' dir='ltr'><strong>polliceri</strong></span> <span class='ocrx_word' id='word_1_97' title='bbox 1315 1193 1346 1243; x_wconf 87' lang='lat' dir='ltr'><strong>et</strong></span> 
     </span>
     <span class='ocr_line' id='line_1_12' title="bbox 118 1271 1344 1355; baseline -0.004 -19"><span class='ocrx_word' id='word_1_98' title='bbox 118 1292 150 1336; x_wconf 92' lang='lat'><strong>11</strong></span> <span class='ocrx_word' id='word_1_99' title='bbox 170 1274 362 1336; x_wconf 89' lang='lat' dir='ltr'><strong>iureiurando</strong></span> <span class='ocrx_word' id='word_1_100' title='bbox 386 1275 571 1355; x_wconf 88' lang='lat' dir='ltr'><strong>confirmare,</strong></span> <span class='ocrx_word' id='word_1_101' title='bbox 593 1284 692 1334; x_wconf 90' lang='lat' dir='ltr'><strong>tutum</strong></span> <span class='ocrx_word' id='word_1_102' title='bbox 715 1277 772 1334; x_wconf 92' lang='lat' dir='ltr'><strong>iter</strong></span> <span class='ocrx_word' id='word_1_103' title='bbox 794 1293 850 1354; x_wconf 90' lang='lat' dir='ltr'><strong>per</strong></span> <span class='ocrx_word' id='word_1_104' title='bbox 875 1274 950 1334; x_wconf 88' lang='lat' dir='ltr'><strong>lines</strong></span> <span class='ocrx_word' id='word_1_105' title='bbox 973 1273 1120 1333; x_wconf 89' lang='lat' dir='ltr'><strong>daturum.</strong></span> <span class='ocrx_word' id='word_1_106' title='bbox 1166 1271 1253 1342; x_wconf 86' lang='lat' dir='ltr'><strong>Quod</strong></span> <span class='ocrx_word' id='word_1_107' title='bbox 1276 1290 1344 1332; x_wconf 93' lang='lat' dir='ltr'><strong>cum</strong></span> 
     </span>
     <span class='ocr_line' id='line_1_13' title="bbox 169 1358 1345 1442; baseline -0.003 -19"><span class='ocrx_word' id='word_1_108' title='bbox 169 1365 266 1442; x_wconf 85' lang='lat' dir='ltr'><strong>iaciat,</strong></span> <span class='ocrx_word' id='word_1_109' title='bbox 289 1371 319 1422; x_wconf 91' lang='lat' dir='ltr'><strong>et</strong></span> <span class='ocrx_word' id='word_1_110' title='bbox 343 1365 453 1422; x_wconf 89' lang='lat' dir='ltr'><strong>civitati</strong></span> <span class='ocrx_word' id='word_1_111' title='bbox 476 1381 541 1422; x_wconf 90' lang='lat' dir='ltr'><strong>sese</strong></span> <span class='ocrx_word' id='word_1_112' title='bbox 566 1362 732 1442; x_wconf 85' lang='lat' dir='ltr'><strong>consulere,</strong></span> <span class='ocrx_word' id='word_1_113' title='bbox 755 1362 834 1440; x_wconf 88' lang='lat' dir='ltr'><strong>quod</strong></span> <span class='ocrx_word' id='word_1_114' title='bbox 857 1361 993 1422; x_wconf 91' lang='lat' dir='ltr'><strong>hibernis</strong></span> <span class='ocrx_word' id='word_1_115' title='bbox 1015 1361 1143 1440; x_wconf 86' lang='lat' dir='ltr'><strong>levetur,</strong></span> <span class='ocrx_word' id='word_1_116' title='bbox 1172 1369 1202 1420; x_wconf 91' lang='lat' dir='ltr'><strong>et</strong></span> <span class='ocrx_word' id='word_1_117' title='bbox 1225 1358 1345 1420; x_wconf 83' lang='lat' dir='ltr'><strong>Caesari</strong></span> 
     </span>
     <span class='ocr_line' id='line_1_14' title="bbox 168 1447 1345 1530; baseline -0.003 -20"><span class='ocrx_word' id='word_1_118' title='bbox 168 1470 223 1530; x_wconf 91' lang='lat' dir='ltr'><strong>pro</strong></span> <span class='ocrx_word' id='word_1_119' title='bbox 257 1453 323 1511; x_wconf 89' lang='lat' dir='ltr'><strong>eius</strong></span> <span class='ocrx_word' id='word_1_120' title='bbox 355 1452 470 1510; x_wconf 90' lang='lat' dir='ltr'><strong>meritis</strong></span> <span class='ocrx_word' id='word_1_121' title='bbox 502 1453 626 1529; x_wconf 87' lang='lat' dir='ltr'><strong>gratiam</strong></span> <span class='ocrx_word' id='word_1_122' title='bbox 658 1452 781 1510; x_wconf 82' lang='lat' dir='ltr'><strong>reterre.</strong></span> <span class='ocrx_word' id='word_1_123' title='bbox 827 1450 889 1510; x_wconf 92' lang='lat' dir='ltr'><strong>Hac</strong></span> <span class='ocrx_word' id='word_1_124' title='bbox 922 1453 1055 1511; x_wconf 90' lang='lat' dir='ltr'><strong>oratione</strong></span> <span class='ocrx_word' id='word_1_125' title='bbox 1088 1448 1187 1509; x_wconf 90' lang='lat' dir='ltr'><strong>habita</strong></span> <span class='ocrx_word' id='word_1_126' title='bbox 1219 1447 1345 1508; x_wconf 86' lang='lat' dir='ltr'><strong>discedit</strong></span> 
     </span>
     <span class='ocr_line' id='line_1_15' title="bbox 168 1539 329 1599; baseline -0.006 0"><span class='ocrx_word' id='word_1_127' title='bbox 168 1539 329 1599; x_wconf 79' lang='lat' dir='ltr'><strong>Ambiorix.</strong></span> 
     </span>
     <span class='ocr_line' id='line_1_16' title="bbox 258 1624 1343 1706; baseline -0.002 -19"><span class='ocrx_word' id='word_1_128' title='bbox 258 1624 311 1688; x_wconf 81' lang='lat'><strong>28.</strong></span> <span class='ocrx_word' id='word_1_129' title='bbox 335 1627 493 1705; x_wconf 78' lang='lat' dir='ltr'><strong>Arpineius</strong></span> <span class='ocrx_word' id='word_1_130' title='bbox 517 1635 547 1686; x_wconf 93' lang='lat' dir='ltr'><strong>et</strong></span> <span class='ocrx_word' id='word_1_131' title='bbox 570 1626 682 1706; x_wconf 90' lang='lat' dir='ltr'><strong>lunius,</strong></span> <span class='ocrx_word' id='word_1_132' title='bbox 706 1645 781 1705; x_wconf 91' lang='lat' dir='ltr'><strong>quae</strong></span> <span class='ocrx_word' id='word_1_133' title='bbox 805 1627 978 1705; x_wconf 85' lang='lat' dir='ltr'><strong>audierunt,</strong></span> <span class='ocrx_word' id='word_1_134' title='bbox 1001 1626 1037 1686; x_wconf 92' lang='lat' dir='ltr'><strong>ad</strong></span> <span class='ocrx_word' id='word_1_135' title='bbox 1060 1625 1172 1704; x_wconf 85' lang='lat' dir='ltr'><strong>legatos</strong></span> <span class='ocrx_word' id='word_1_136' title='bbox 1195 1625 1343 1685; x_wconf 86' lang='lat' dir='ltr'><strong>deferunt.</strong></span> 
     </span>
     <span class='ocr_line' id='line_1_17' title="bbox 169 1713 1345 1795; baseline -0.001 -21"><span class='ocrx_word' id='word_1_137' title='bbox 169 1715 215 1776; x_wconf 90' lang='lat' dir='ltr'><strong>Illi</strong></span> <span class='ocrx_word' id='word_1_138' title='bbox 238 1717 393 1794; x_wconf 92' lang='lat' dir='ltr'><strong>repentina</strong></span> <span class='ocrx_word' id='word_1_139' title='bbox 417 1733 450 1774; x_wconf 88' lang='lat' dir='ltr'><strong>re</strong></span> <span class='ocrx_word' id='word_1_140' title='bbox 473 1714 649 1794; x_wconf 88' lang='lat' dir='ltr'><strong>perturbati,</strong></span> <span class='ocrx_word' id='word_1_141' title='bbox 668 1718 725 1776; x_wconf 91' lang='lat' dir='ltr'><strong>etsi</strong></span> <span class='ocrx_word' id='word_1_142' title='bbox 748 1715 783 1775; x_wconf 91' lang='lat' dir='ltr'><strong>ab</strong></span> <span class='ocrx_word' id='word_1_143' title='bbox 803 1715 889 1776; x_wconf 89' lang='lat' dir='ltr'><strong>hoste</strong></span> <span class='ocrx_word' id='word_1_144' title='bbox 908 1734 943 1775; x_wconf 91' lang='lat' dir='ltr'><strong>ea</strong></span> <span class='ocrx_word' id='word_1_145' title='bbox 962 1713 1147 1795; x_wconf 84' lang='lat' dir='ltr'><strong>dicebantur,</strong></span> <span class='ocrx_word' id='word_1_146' title='bbox 1165 1722 1267 1774; x_wconf 92' lang='lat' dir='ltr'><strong>tamen</strong></span> <span class='ocrx_word' id='word_1_147' title='bbox 1285 1731 1345 1774; x_wconf 90' lang='lat' dir='ltr'><strong>non</strong></span> 
     </span>
     <span class='ocr_line' id='line_1_18' title="bbox 170 1801 1346 1883; baseline -0.002 -20"><span class='ocrx_word' id='word_1_148' title='bbox 170 1803 351 1883; x_wconf 83' lang='lat' dir='ltr'><strong>neglegenda</strong></span> <span class='ocrx_word' id='word_1_149' title='bbox 378 1803 586 1864; x_wconf 84' lang='lat' dir='ltr'><strong>existimabant</strong></span> <span class='ocrx_word' id='word_1_150' title='bbox 614 1806 799 1882; x_wconf 82' lang='lat' dir='ltr'><strong>maximeque</strong></span> <span class='ocrx_word' id='word_1_151' title='bbox 827 1804 882 1864; x_wconf 91' lang='lat' dir='ltr'><strong>hac</strong></span> <span class='ocrx_word' id='word_1_152' title='bbox 910 1821 943 1862; x_wconf 90' lang='lat' dir='ltr'><strong>re</strong></span> <span class='ocrx_word' id='word_1_153' title='bbox 974 1801 1238 1882; x_wconf 74' lang='lat' dir='ltr'><strong>permutabantur,</strong></span> <span class='ocrx_word' id='word_1_154' title='bbox 1267 1801 1346 1880; x_wconf 90' lang='lat' dir='ltr'><strong>quod</strong></span> 
     </span>
     <span class='ocr_line' id='line_1_19' title="bbox 170 1889 1345 1970; baseline -0.003 -17"><span class='ocrx_word' id='word_1_155' title='bbox 170 1895 319 1953; x_wconf 88' lang='lat' dir='ltr'><strong>civitatem</strong></span> <span class='ocrx_word' id='word_1_156' title='bbox 342 1891 501 1970; x_wconf 84' lang='lat' dir='ltr'><strong>ignobilem</strong></span> <span class='ocrx_word' id='word_1_157' title='bbox 528 1901 617 1970; x_wconf 92' lang='lat' dir='ltr'><strong>atque</strong></span> <span class='ocrx_word' id='word_1_158' title='bbox 644 1892 787 1953; x_wconf 91' lang='lat' dir='ltr'><strong>humilem</strong></span> <span class='ocrx_word' id='word_1_159' title='bbox 813 1891 989 1951; x_wconf 89' lang='lat' dir='ltr'><strong>Eburonum</strong></span> <span class='ocrx_word' id='word_1_160' title='bbox 1018 1909 1072 1951; x_wconf 92' lang='lat' dir='ltr'><strong>sua</strong></span> <span class='ocrx_word' id='word_1_161' title='bbox 1100 1899 1206 1970; x_wconf 92' lang='lat' dir='ltr'><strong>sponte</strong></span> <span class='ocrx_word' id='word_1_162' title='bbox 1234 1889 1345 1969; x_wconf 93' lang='lat' dir='ltr'><strong>populo</strong></span> 
     </span>
     <span class='ocr_line' id='line_1_20' title="bbox 134 1978 1344 2057; baseline -0.004 -15"><span class='ocrx_word' id='word_1_163' title='bbox 134 1979 302 2042; x_wconf 73' lang='lat' dir='ltr'><strong>tRomano</strong></span> <span class='ocrx_word' id='word_1_164' title='bbox 325 1980 436 2041; x_wconf 87' lang='lat' dir='ltr'><strong>beflnm</strong></span> <span class='ocrx_word' id='word_1_165' title='bbox 459 1982 557 2040; x_wconf 87' lang='lat' dir='ltr'><strong>iacere</strong></span> <span class='ocrx_word' id='word_1_166' title='bbox 581 1999 682 2040; x_wconf 90' lang='lat' dir='ltr'><strong>ausam</strong></span> <span class='ocrx_word' id='word_1_167' title='bbox 705 1984 752 2041; x_wconf 86' lang='lat' dir='ltr'><strong>vix</strong></span> <span class='ocrx_word' id='word_1_168' title='bbox 775 1989 839 2041; x_wconf 92' lang='lat' dir='ltr'><strong>erat</strong></span> <span class='ocrx_word' id='word_1_169' title='bbox 862 1979 1055 2040; x_wconf 88' lang='lat' dir='ltr'><strong>credendum.</strong></span> <span class='ocrx_word' id='word_1_170' title='bbox 1096 1979 1199 2057; x_wconf 89' lang='lat' dir='ltr'><strong>ltaque</strong></span> <span class='ocrx_word' id='word_1_171' title='bbox 1218 1978 1255 2038; x_wconf 94' lang='lat' dir='ltr'><strong>ad</strong></span> <span class='ocrx_word' id='word_1_172' title='bbox 1274 1996 1344 2038; x_wconf 92' lang='lat' dir='ltr'><strong>con·</strong></span> 
     </span>
     <span class='ocr_line' id='line_1_21' title="bbox 169 2067 1346 2150; baseline -0.004 -21"><span class='ocrx_word' id='word_1_173' title='bbox 169 2069 268 2130; x_wconf 90' lang='lat' dir='ltr'><strong>silium</strong></span> <span class='ocrx_word' id='word_1_174' title='bbox 298 2088 363 2129; x_wconf 91' lang='lat' dir='ltr'><strong>rem</strong></span> <span class='ocrx_word' id='word_1_175' title='bbox 395 2069 547 2150; x_wconf 81' lang='lat' dir='ltr'><strong>deferunt,</strong></span> <span class='ocrx_word' id='word_1_176' title='bbox 579 2087 743 2148; x_wconf 83' lang='lat' dir='ltr'><strong>magnaque</strong></span> <span class='ocrx_word' id='word_1_177' title='bbox 775 2072 855 2129; x_wconf 92' lang='lat' dir='ltr'><strong>inter</strong></span> <span class='ocrx_word' id='word_1_178' title='bbox 892 2086 943 2127; x_wconf 90' lang='lat' dir='ltr'><strong>eos</strong></span> <span class='ocrx_word' id='word_1_179' title='bbox 981 2069 1098 2128; x_wconf 83' lang='lat' dir='ltr'><strong>exsistit</strong></span> <span class='ocrx_word' id='word_1_180' title='bbox 1134 2067 1346 2127; x_wconf 88' lang='lat' dir='ltr'><strong>controversia.</strong></span> 
     </span>
     <span class='ocr_line' id='line_1_22' title="bbox 22 2156 1347 2236; baseline -0.004 -18"><span class='ocrx_word' id='word_1_181' title='bbox 22 2196 25 2201; x_wconf 90' lang='lat'><em>-</em></span> <span class='ocrx_word' id='word_1_182' title='bbox 136 2156 281 2219; x_wconf 85' lang='lat' dir='ltr'><strong>3Lucius</strong></span> <span class='ocrx_word' id='word_1_183' title='bbox 311 2157 530 2218; x_wconf 80' lang='lat' dir='ltr'><strong>Aurunculeius</strong></span> <span class='ocrx_word' id='word_1_184' title='bbox 561 2157 789 2236; x_wconf 89' lang='lat' dir='ltr'><strong>compluresque</strong></span> <span class='ocrx_word' id='word_1_185' title='bbox 820 2156 934 2217; x_wconf 92' lang='lat' dir='ltr'><strong>tribuni</strong></span> <span class='ocrx_word' id='word_1_186' title='bbox 966 2156 1093 2216; x_wconf 92' lang='lat' dir='ltr'><strong>militum</strong></span> <span class='ocrx_word' id='word_1_187' title='bbox 1120 2165 1151 2216; x_wconf 90' lang='lat' dir='ltr'><strong>et</strong></span> <span class='ocrx_word' id='word_1_188' title='bbox 1180 2157 1347 2234; x_wconf 90' lang='lat' dir='ltr'><strong>primorum</strong></span> 
     </span>
    </p>
   </div>
   <div class='ocr_carea' id='block_1_3' title="bbox 159 2394 1379 4443">
    <p class='ocr_par' dir='ltr' id='par_1_3' title="bbox 171 2394 1350 3032">
     <span class='ocr_line' id='line_1_23' title="bbox 171 2394 1348 2466; baseline -0.003 -15"><span class='ocrx_word' id='word_1_189' title='bbox 171 2399 317 2463; x_wconf 77' lang='lat' dir='ltr'><strong>alterae:</strong></span> <span class='ocrx_word' id='word_1_190' title='bbox 343 2397 438 2450; x_wconf 86' lang='lat' dir='ltr'><strong>merke</strong></span> <span class='ocrx_word' id='word_1_191' title='bbox 465 2397 509 2450; x_wconf 92' lang='lat' dir='ltr'><strong>die</strong></span> <span class='ocrx_word' id='word_1_192' title='bbox 534 2413 590 2450; x_wconf 87' lang='lat' dir='ltr'><strong>von</strong></span> <span class='ocrx_word' id='word_1_193' title='bbox 616 2397 665 2450; x_wconf 87' lang='lat' dir='ltr'><strong>der</strong></span> <span class='ocrx_word' id='word_1_194' title='bbox 683 2414 731 2466; x_wconf 84' lang='lat' dir='ltr'><strong>ge·</strong></span> <span class='ocrx_word' id='word_1_195' title='bbox 785 2397 857 2461; x_wconf 84' lang='lat' dir='ltr'><strong>auch</strong></span> <span class='ocrx_word' id='word_1_196' title='bbox 884 2414 934 2449; x_wconf 84' lang='lat' dir='ltr'><strong>zur</strong></span> <span class='ocrx_word' id='word_1_197' title='bbox 961 2394 1156 2450; x_wconf 76' lang='lat' dir='ltr'><strong>(ionshnchion</strong></span> <span class='ocrx_word' id='word_1_198' title='bbox 1189 2411 1246 2448; x_wconf 87' lang='lat' dir='ltr'><strong>von</strong></span> <span class='ocrx_word' id='word_1_199' title='bbox 1276 2394 1348 2448; x_wconf 89' lang='lat' dir='ltr'><strong>iure-</strong></span> 
     </span>
     <span class='ocr_line' id='line_1_24' title="bbox 171 2464 1350 2522; baseline -0.003 0"><span class='ocrx_word' id='word_1_200' title='bbox 171 2468 347 2522; x_wconf 78' lang='lat' dir='ltr'><strong>wdhnlichen</strong></span> <span class='ocrx_word' id='word_1_201' title='bbox 362 2466 542 2521; x_wconf 82' lang='lat' dir='ltr'><strong>Declination</strong></span> <span class='ocrx_word' id='word_1_202' title='bbox 559 2467 731 2522; x_wconf 81' lang='lat' dir='ltr'><strong>ebweichen·</strong></span> <span class='ocrx_word' id='word_1_203' title='bbox 784 2466 903 2521; x_wconf 83' lang='lat' dir='ltr'><strong>iurando</strong></span> <span class='ocrx_word' id='word_1_204' title='bbox 922 2467 1086 2520; x_wconf 84' lang='lat' dir='ltr'><strong>confirmare</strong></span> <span class='ocrx_word' id='word_1_205' title='bbox 1104 2483 1127 2521; x_wconf 87' lang='lat' dir='ltr'><strong>c.</strong></span> <span class='ocrx_word' id='word_1_206' title='bbox 1142 2472 1158 2520; x_wconf 83' lang='grc'><strong>6</strong></span> <span class='ocrx_word' id='word_1_207' title='bbox 1177 2483 1212 2518; x_wconf 82' lang='lat' dir='ltr'><strong>zu</strong></span> <span class='ocrx_word' id='word_1_208' title='bbox 1228 2464 1350 2518; x_wconf 81' lang='lat' dir='ltr'><strong>admini-</strong></span> 
     </span>
     <span class='ocr_line' id='line_1_25' title="bbox 172 2535 1349 2606; baseline -0.003 -14"><span class='ocrx_word' id='word_1_209' title='bbox 172 2539 207 2592; x_wconf 91' lang='lat' dir='ltr'><strong>de</strong></span> <span class='ocrx_word' id='word_1_210' title='bbox 225 2538 317 2591; x_wconf 85' lang='lat' dir='ltr'><strong>Form.</strong></span> <span class='ocrx_word' id='word_1_211' title='bbox 345 2536 440 2606; x_wconf 83' lang='lat' dir='ltr'><strong>Vergl.</strong></span> <span class='ocrx_word' id='word_1_212' title='bbox 458 2544 532 2604; x_wconf 83' lang='lat' dir='ltr'><strong>o,13</strong></span> <span class='ocrx_word' id='word_1_213' title='bbox 552 2556 587 2591; x_wconf 83' lang='lat' dir='ltr'><strong>zu</strong></span> <span class='ocrx_word' id='word_1_214' title='bbox 605 2538 683 2592; x_wconf 89' lang='lat' dir='ltr'><strong>nullo</strong></span> <span class='ocrx_word' id='word_1_215' title='bbox 698 2569 731 2577; x_wconf 96' lang='lat'><em>-</em></span> <span class='ocrx_word' id='word_1_216' title='bbox 786 2540 913 2592; x_wconf 70' lang='lat' dir='ltr'><strong>suerent.</strong></span> <span class='ocrx_word' id='word_1_217' title='bbox 925 2538 1141 2591; x_wconf 81' lang='lat' dir='ltr'><strong>-dnturnm2</strong></span> <span class='ocrx_word' id='word_1_218' title='bbox 1156 2535 1349 2601; x_wconf 75' lang='lat' dir='ltr'><strong>warumkunn</strong></span> 
     </span>
     <span class='ocr_line' id='line_1_26' title="bbox 172 2606 1348 2678; baseline -0.003 -15"><span class='ocrx_word' id='word_1_219' title='bbox 172 2608 295 2663; x_wconf 87' lang='lat' dir='ltr'><strong>consilio.</strong></span> <span class='ocrx_word' id='word_1_220' title='bbox 308 2638 343 2648; x_wconf 91' lang='lat'><em>-</em></span> <span class='ocrx_word' id='word_1_221' title='bbox 357 2615 382 2662; x_wconf 84' lang='lat'><strong>6.</strong></span> <span class='ocrx_word' id='word_1_222' title='bbox 396 2625 535 2676; x_wconf 83' lang='lat' dir='ltr'><strong>negare:</strong></span> <span class='ocrx_word' id='word_1_223' title='bbox 550 2609 732 2678; x_wconf 70' lang='lat' dir='ltr'><strong>abachligige</strong></span> <span class='ocrx_word' id='word_1_224' title='bbox 786 2609 836 2662; x_wconf 92' lang='lat' dir='ltr'><strong>der</strong></span> <span class='ocrx_word' id='word_1_225' title='bbox 868 2607 1142 2677; x_wconf 80' lang='lat' dir='ltr'><strong>Snbjeohsaccusaiiv</strong></span> <span class='ocrx_word' id='word_1_226' title='bbox 1171 2606 1285 2660; x_wconf 81' lang='lat' dir='ltr'><strong>fehlent</strong></span> <span class='ocrx_word' id='word_1_227' title='bbox 1314 2635 1348 2646; x_wconf 94' lang='lat'>-</span> 
     </span>
     <span class='ocr_line' id='line_1_27' title="bbox 171 2676 1349 2749; baseline -0.003 -16"><span class='ocrx_word' id='word_1_228' title='bbox 171 2681 300 2733; x_wconf 83' lang='lat' dir='ltr'><strong>Aniwort</strong></span> <span class='ocrx_word' id='word_1_229' title='bbox 326 2679 425 2749; x_wconf 82' lang='lat' dir='ltr'><strong>geben.</strong></span> <span class='ocrx_word' id='word_1_230' title='bbox 454 2709 489 2718; x_wconf 91' lang='lat'><em>-</em></span> <span class='ocrx_word' id='word_1_231' title='bbox 518 2685 541 2732; x_wconf 78' lang='grc'><strong>7.</strong></span> <span class='ocrx_word' id='word_1_232' title='bbox 570 2696 630 2747; x_wconf 90' lang='lat' dir='ltr'><strong>pro</strong></span> <span class='ocrx_word' id='word_1_233' title='bbox 658 2679 732 2748; x_wconf 90' lang='lat' dir='ltr'><strong>pie·</strong></span> <span class='ocrx_word' id='word_1_234' title='bbox 788 2687 830 2732; x_wconf 90' lang='lat'><strong>11.</strong></span> <span class='ocrx_word' id='word_1_235' title='bbox 858 2677 1015 2732; x_wconf 81' lang='lat' dir='ltr'><strong>hibernis</strong></span> <span class='ocrx_word' id='word_1_236' title='bbox 1043 2679 1191 2733; x_wconf 81' lang='lat' dir='ltr'><strong>levetur:</strong></span> <span class='ocrx_word' id='word_1_237' title='bbox 1218 2693 1275 2730; x_wconf 85' lang='lat' dir='ltr'><strong>ron</strong></span> <span class='ocrx_word' id='word_1_238' title='bbox 1300 2676 1349 2730; x_wconf 89' lang='lat' dir='ltr'><strong>der</strong></span> 
     </span>
     <span class='ocr_line' id='line_1_28' title="bbox 171 2746 1348 2819; baseline -0.004 -14"><span class='ocrx_word' id='word_1_239' title='bbox 171 2752 256 2805; x_wconf 80' lang='lat' dir='ltr'><strong>baie:</strong></span> <span class='ocrx_word' id='word_1_240' title='bbox 275 2767 325 2819; x_wconf 90' lang='lat' dir='ltr'><strong>pro</strong></span> <span class='ocrx_word' id='word_1_241' title='bbox 345 2749 385 2818; x_wconf 88' lang='lat' dir='ltr'><strong>(in</strong></span> <span class='ocrx_word' id='word_1_242' title='bbox 403 2749 592 2817; x_wconf 78' lang='lat' dir='ltr'><strong>Gemi&#39;essheii,</strong></span> <span class='ocrx_word' id='word_1_243' title='bbox 612 2750 732 2819; x_wconf 82' lang='lat' dir='ltr'><strong>zufolge)</strong></span> <span class='ocrx_word' id='word_1_244' title='bbox 786 2750 856 2804; x_wconf 78' lang='lat' dir='ltr'><strong>Lari</strong></span> <span class='ocrx_word' id='word_1_245' title='bbox 883 2749 932 2802; x_wconf 91' lang='lat' dir='ltr'><strong>der</strong></span> <span class='ocrx_word' id='word_1_246' title='bbox 960 2748 1214 2817; x_wconf 81' lang='lat' dir='ltr'><strong>Winterquertiere</strong></span> <span class='ocrx_word' id='word_1_247' title='bbox 1245 2746 1348 2801; x_wconf 83' lang='lat' dir='ltr'><strong>hefreit</strong></span> 
     </span>
     <span class='ocr_line' id='line_1_29' title="bbox 171 2817 1348 2890; baseline -0.005 -14"><span class='ocrx_word' id='word_1_248' title='bbox 171 2822 224 2876; x_wconf 85' lang='lat' dir='ltr'><strong>wie</strong></span> <span class='ocrx_word' id='word_1_249' title='bbox 245 2827 273 2887; x_wconf 85' lang='lat'><strong>1,</strong></span> <span class='ocrx_word' id='word_1_250' title='bbox 292 2827 326 2874; x_wconf 79' lang='lat'><strong>42</strong></span> <span class='ocrx_word' id='word_1_251' title='bbox 352 2837 402 2889; x_wconf 88' lang='lat' dir='ltr'><strong>pro</strong></span> <span class='ocrx_word' id='word_1_252' title='bbox 428 2821 485 2874; x_wconf 84' lang='lat' dir='ltr'><strong>suis</strong></span> <span class='ocrx_word' id='word_1_253' title='bbox 510 2821 597 2875; x_wconf 74' lang='lat' dir='ltr'><strong>tantis</strong></span> <span class='ocrx_word' id='word_1_254' title='bbox 621 2821 732 2890; x_wconf 90' lang='lat' dir='ltr'><strong>populi·</strong></span> <span class='ocrx_word' id='word_1_255' title='bbox 785 2820 890 2875; x_wconf 78' lang='lat' dir='ltr'><strong>whrde.</strong></span> <span class='ocrx_word' id='word_1_256' title='bbox 920 2819 1015 2888; x_wconf 84' lang='lat' dir='ltr'><strong>Vergl.</strong></span> <span class='ocrx_word' id='word_1_257' title='bbox 1030 2823 1108 2874; x_wconf 76' lang='lat' dir='ltr'><strong>metu</strong></span> <span class='ocrx_word' id='word_1_258' title='bbox 1121 2818 1212 2873; x_wconf 80' lang='lat' dir='ltr'><strong>levari</strong></span> <span class='ocrx_word' id='word_1_259' title='bbox 1225 2843 1260 2863; x_wconf 95' lang='lat'><em>=</em></span> <span class='ocrx_word' id='word_1_260' title='bbox 1277 2817 1348 2870; x_wconf 90' lang='lat' dir='ltr'><strong>libe-</strong></span> 
     </span>
     <span class='ocr_line' id='line_1_30' title="bbox 172 2887 1349 2960; baseline -0.004 -14"><span class='ocrx_word' id='word_1_261' title='bbox 172 2909 227 2960; x_wconf 90' lang='lat' dir='ltr'><strong>que</strong></span> <span class='ocrx_word' id='word_1_262' title='bbox 241 2892 361 2946; x_wconf 82' lang='lat' dir='ltr'><strong>Romani</strong></span> <span class='ocrx_word' id='word_1_263' title='bbox 376 2893 406 2944; x_wconf 91' lang='lat' dir='ltr'><strong>in</strong></span> <span class='ocrx_word' id='word_1_264' title='bbox 421 2908 485 2945; x_wconf 91' lang='lat' dir='ltr'><strong>eum</strong></span> <span class='ocrx_word' id='word_1_265' title='bbox 503 2892 655 2958; x_wconf 84' lang='lat' dir='ltr'><strong>beneficiis,</strong></span> <span class='ocrx_word' id='word_1_266' title='bbox 674 2891 732 2946; x_wconf 88' lang='lat' dir='ltr'><strong>und</strong></span> <span class='ocrx_word' id='word_1_267' title='bbox 786 2891 850 2946; x_wconf 79' lang='lat' dir='ltr'><strong>rori.</strong></span> <span class='ocrx_word' id='word_1_268' title='bbox 883 2920 918 2929; x_wconf 90' lang='lat'><em>-</em></span> <span class='ocrx_word' id='word_1_269' title='bbox 950 2890 1054 2958; x_wconf 88' lang='lat' dir='ltr'><strong>quod:</strong></span> <span class='ocrx_word' id='word_1_270' title='bbox 1086 2889 1192 2945; x_wconf 82' lang='lat' dir='ltr'><strong>welche</strong></span> <span class='ocrx_word' id='word_1_271' title='bbox 1222 2887 1349 2942; x_wconf 79' lang='lat' dir='ltr'><strong>Poriikel</strong></span> 
     </span>
     <span class='ocr_line' id='line_1_31' title="bbox 171 2960 1066 3032; baseline -0.001 -16"><span class='ocrx_word' id='word_1_272' title='bbox 171 2964 201 3016; x_wconf 91' lang='lat' dir='ltr'><strong>in</strong></span> <span class='ocrx_word' id='word_1_273' title='bbox 214 2963 269 3016; x_wconf 89' lang='lat' dir='ltr'><strong>den</strong></span> <span class='ocrx_word' id='word_1_274' title='bbox 282 2963 434 3032; x_wconf 81' lang='lat' dir='ltr'><strong>folgenden</strong></span> <span class='ocrx_word' id='word_1_275' title='bbox 443 2963 561 3017; x_wconf 80' lang='lat' dir='ltr'><strong>Worben</strong></span> <span class='ocrx_word' id='word_1_276' title='bbox 574 2980 625 3031; x_wconf 87' lang='lat' dir='ltr'><strong>pro</strong></span> <span class='ocrx_word' id='word_1_277' title='bbox 639 2963 733 3031; x_wconf 89' lang='lat' dir='ltr'><strong>hospi·</strong></span> <span class='ocrx_word' id='word_1_278' title='bbox 787 2963 825 3016; x_wconf 91' lang='lat' dir='ltr'><strong>lie</strong></span> <span class='ocrx_word' id='word_1_279' title='bbox 876 2962 916 3015; x_wconf 88' lang='lat' dir='ltr'><strong>im</strong></span> <span class='ocrx_word' id='word_1_280' title='bbox 933 2960 1066 3016; x_wconf 80' lang='lat' dir='ltr'><strong>Relnbiv?</strong></span> 
     </span>
    </p>

    <p class='ocr_par' dir='ltr' id='par_1_4' title="bbox 159 3027 1379 4443">
     <span class='ocr_line' id='line_1_32' title="bbox 170 3027 1347 3101; baseline -0.004 -14"><span class='ocrx_word' id='word_1_281' title='bbox 170 3033 220 3087; x_wconf 80' lang='lat' dir='ltr'><strong>iio.</strong></span> <span class='ocrx_word' id='word_1_282' title='bbox 236 3064 269 3071; x_wconf 93' lang='lat'>-</span> <span class='ocrx_word' id='word_1_283' title='bbox 289 3033 438 3101; x_wconf 81' lang='lat' dir='ltr'><strong>pietate:</strong></span> <span class='ocrx_word' id='word_1_284' title='bbox 458 3032 544 3088; x_wconf 88' lang='lat' dir='ltr'><strong>Liebe</strong></span> <span class='ocrx_word' id='word_1_285' title='bbox 563 3052 625 3087; x_wconf 84' lang='lat' dir='ltr'><strong>zum</strong></span> <span class='ocrx_word' id='word_1_286' title='bbox 634 3033 733 3087; x_wconf 84' lang='lat' dir='ltr'><strong>Vater-</strong></span> <span class='ocrx_word' id='word_1_287' title='bbox 845 3049 889 3100; x_wconf 81' lang='lat' dir='ltr'><strong>ap.</strong></span> <span class='ocrx_word' id='word_1_288' title='bbox 905 3037 948 3086; x_wconf 84' lang='lat'><strong>28.</strong></span> <span class='ocrx_word' id='word_1_289' title='bbox 969 3037 992 3084; x_wconf 88' lang='lat'><strong>1.</strong></span> <span class='ocrx_word' id='word_1_290' title='bbox 1009 3030 1214 3084; x_wconf 79' lang='lat' dir='ltr'><strong>dicebantur</strong></span> <span class='ocrx_word' id='word_1_291' title='bbox 1227 3058 1263 3068; x_wconf 93' lang='lat'><em>-</em></span> <span class='ocrx_word' id='word_1_292' title='bbox 1276 3027 1347 3082; x_wconf 88' lang='lat' dir='ltr'><strong>exi-</strong></span> 
     </span>
     <span class='ocr_line' id='line_1_33' title="bbox 172 3099 1347 3172; baseline -0.003 -16"><span class='ocrx_word' id='word_1_293' title='bbox 172 3103 247 3169; x_wconf 84' lang='lat' dir='ltr'><strong>land,</strong></span> <span class='ocrx_word' id='word_1_294' title='bbox 255 3102 438 3172; x_wconf 81' lang='lat' dir='ltr'><strong>patriotische</strong></span> <span class='ocrx_word' id='word_1_295' title='bbox 446 3103 617 3172; x_wconf 84' lang='lat' dir='ltr'><strong>Gesinnung,</strong></span> <span class='ocrx_word' id='word_1_296' title='bbox 626 3103 733 3169; x_wconf 74' lang='lat' dir='ltr'><strong>Patrio</strong></span> <span class='ocrx_word' id='word_1_297' title='bbox 788 3101 991 3157; x_wconf 78' lang='lat' dir='ltr'><strong>elimabant:</strong></span> <span class='ocrx_word' id='word_1_298' title='bbox 1011 3101 1051 3155; x_wconf 90' lang='lat' dir='ltr'><strong>im</strong></span> <span class='ocrx_word' id='word_1_299' title='bbox 1069 3101 1180 3170; x_wconf 83' lang='lat' dir='ltr'><strong>Imperi.</strong></span> <span class='ocrx_word' id='word_1_300' title='bbox 1200 3099 1294 3168; x_wconf 74' lang='lat' dir='ltr'><strong>(nicht</strong></span> <span class='ocrx_word' id='word_1_301' title='bbox 1310 3099 1347 3152; x_wconf 91' lang='lat' dir='ltr'><strong>im</strong></span> 
     </span>
     <span class='ocr_line' id='line_1_34' title="bbox 171 3169 1349 3241; baseline -0.001 -16"><span class='ocrx_word' id='word_1_302' title='bbox 171 3172 278 3226; x_wconf 83' lang='lat' dir='ltr'><strong>tismus.</strong></span> <span class='ocrx_word' id='word_1_303' title='bbox 301 3205 337 3212; x_wconf 93' lang='lat'>—</span> <span class='ocrx_word' id='word_1_304' title='bbox 361 3173 477 3226; x_wconf 83' lang='lat' dir='ltr'><strong>officii</strong></span> <span class='ocrx_word' id='word_1_305' title='bbox 499 3189 572 3241; x_wconf 90' lang='lat' dir='ltr'><strong>pro:</strong></span> <span class='ocrx_word' id='word_1_306' title='bbox 599 3172 735 3227; x_wconf 90' lang='lat' dir='ltr'><strong>Verbind-</strong></span> <span class='ocrx_word' id='word_1_307' title='bbox 788 3171 1110 3241; x_wconf 82' lang='lat' dir='ltr'><strong>Plusqunmperfeetum)</strong></span> <span class='ocrx_word' id='word_1_308' title='bbox 1129 3171 1238 3240; x_wconf 80' lang='lat' dir='ltr'><strong>spriehh</strong></span> <span class='ocrx_word' id='word_1_309' title='bbox 1256 3169 1349 3236; x_wconf 62' lang='lat' dir='ltr'><strong>casn,</strong></span> 
     </span>
     <span class='ocr_line' id='line_1_35' title="bbox 171 3241 1349 3311; baseline 0 -17"><span class='ocrx_word' id='word_1_310' title='bbox 171 3242 306 3308; x_wconf 84' lang='lat' dir='ltr'><strong>lichkeib,</strong></span> <span class='ocrx_word' id='word_1_311' title='bbox 347 3243 560 3311; x_wconf 81' lang='lat' dir='ltr'><strong>Verpflichiung</strong></span> <span class='ocrx_word' id='word_1_312' title='bbox 607 3243 660 3297; x_wconf 77' lang='lat' dir='ltr'><strong>fur.</strong></span> <span class='ocrx_word' id='word_1_313' title='bbox 699 3273 733 3282; x_wconf 91' lang='lat'><em>-</em></span> <span class='ocrx_word' id='word_1_314' title='bbox 788 3242 855 3298; x_wconf 82' lang='lat' dir='ltr'><strong>weil</strong></span> <span class='ocrx_word' id='word_1_315' title='bbox 879 3260 909 3296; x_wconf 88' lang='lat' dir='ltr'><strong>er</strong></span> <span class='ocrx_word' id='word_1_316' title='bbox 934 3242 990 3296; x_wconf 91' lang='lat' dir='ltr'><strong>dici</strong></span> <span class='ocrx_word' id='word_1_317' title='bbox 1011 3242 1065 3295; x_wconf 81' lang='lat' dir='ltr'><strong>mii</strong></span> <span class='ocrx_word' id='word_1_318' title='bbox 1087 3241 1291 3296; x_wconf 77' lang='lat' dir='ltr'><strong>existimabant</strong></span> <span class='ocrx_word' id='word_1_319' title='bbox 1308 3241 1349 3294; x_wconf 83' lang='lat' dir='ltr'><strong>als</strong></span> 
     </span>
     <span class='ocr_line' id='line_1_36' title="bbox 172 3311 1349 3383; baseline 0 -19"><span class='ocrx_word' id='word_1_320' title='bbox 172 3329 321 3379; x_wconf 89' lang='lat' dir='ltr'><strong>monere,</strong></span> <span class='ocrx_word' id='word_1_321' title='bbox 349 3329 461 3365; x_wconf 85' lang='lat' dir='ltr'><strong>orare:</strong></span> <span class='ocrx_word' id='word_1_322' title='bbox 495 3313 659 3381; x_wconf 82' lang='lat' dir='ltr'><strong>Anyndeton</strong></span> <span class='ocrx_word' id='word_1_323' title='bbox 686 3313 736 3367; x_wconf 91' lang='lat' dir='ltr'><strong>der</strong></span> <span class='ocrx_word' id='word_1_324' title='bbox 789 3313 972 3383; x_wconf 81' lang='lat' dir='ltr'><strong>gleichzeitig</strong></span> <span class='ocrx_word' id='word_1_325' title='bbox 990 3312 1145 3382; x_wconf 80' lang='lat' dir='ltr'><strong>anigefassi</strong></span> <span class='ocrx_word' id='word_1_326' title='bbox 1162 3311 1264 3366; x_wconf 84' lang='lat' dir='ltr'><strong>wissen</strong></span> <span class='ocrx_word' id='word_1_327' title='bbox 1281 3311 1349 3365; x_wconf 76' lang='lat' dir='ltr'><strong>wilt</strong></span> 
     </span>
     <span class='ocr_line' id='line_1_37' title="bbox 174 3381 1350 3453; baseline -0.001 -18"><span class='ocrx_word' id='word_1_328' title='bbox 174 3381 353 3450; x_wconf 81' lang='lat' dir='ltr'><strong>Steigernng;</strong></span> <span class='ocrx_word' id='word_1_329' title='bbox 378 3399 399 3434; x_wconf 86' lang='lat' dir='ltr'><strong>s.</strong></span> <span class='ocrx_word' id='word_1_330' title='bbox 427 3389 455 3447; x_wconf 88' lang='lat'><strong>1,</strong></span> <span class='ocrx_word' id='word_1_331' title='bbox 474 3389 508 3435; x_wconf 79' lang='lat'><strong>32</strong></span> <span class='ocrx_word' id='word_1_332' title='bbox 529 3401 566 3451; x_wconf 74' lang='lat' dir='ltr'><strong>nn</strong></span> <span class='ocrx_word' id='word_1_333' title='bbox 588 3383 638 3451; x_wconf 86' lang='lat' dir='ltr'><strong>qui</strong></span> <span class='ocrx_word' id='word_1_334' title='bbox 659 3400 735 3437; x_wconf 88' lang='lat' dir='ltr'><strong>rece·</strong></span> <span class='ocrx_word' id='word_1_335' title='bbox 788 3414 824 3424; x_wconf 93' lang='lat'><em>-</em></span> <span class='ocrx_word' id='word_1_336' title='bbox 842 3401 907 3439; x_wconf 92' lang='lat' dir='ltr'><strong>non</strong></span> <span class='ocrx_word' id='word_1_337' title='bbox 925 3383 1154 3453; x_wconf 82' lang='lat' dir='ltr'><strong>neglegenda:</strong></span> <span class='ocrx_word' id='word_1_338' title='bbox 1183 3400 1204 3436; x_wconf 89' lang='lat' dir='ltr'><strong>s.</strong></span> <span class='ocrx_word' id='word_1_339' title='bbox 1226 3389 1250 3450; x_wconf 94' lang='lat'><strong>1,</strong></span> <span class='ocrx_word' id='word_1_340' title='bbox 1270 3387 1350 3448; x_wconf 80' lang='lat'>39‚1</span> 
     </span>
     <span class='ocr_line' id='line_1_38' title="bbox 174 3451 1351 3521; baseline -0.001 -16"><span class='ocrx_word' id='word_1_341' title='bbox 174 3452 280 3521; x_wconf 78' lang='lat' dir='ltr'><strong>pissent</strong></span> <span class='ocrx_word' id='word_1_342' title='bbox 297 3452 356 3505; x_wconf 91' lang='lat' dir='ltr'><strong>und</strong></span> <span class='ocrx_word' id='word_1_343' title='bbox 370 3469 393 3506; x_wconf 87' lang='lat' dir='ltr'><strong>c.</strong></span> <span class='ocrx_word' id='word_1_344' title='bbox 408 3457 442 3504; x_wconf 83' lang='lat'><strong>39</strong></span> <span class='ocrx_word' id='word_1_345' title='bbox 458 3470 492 3505; x_wconf 88' lang='lat' dir='ltr'><strong>zu</strong></span> <span class='ocrx_word' id='word_1_346' title='bbox 506 3453 665 3507; x_wconf 89' lang='lat' dir='ltr'><strong>incredibili</strong></span> <span class='ocrx_word' id='word_1_347' title='bbox 678 3453 736 3508; x_wconf 85' lang='lat' dir='ltr'><strong>vir·</strong></span> <span class='ocrx_word' id='word_1_348' title='bbox 789 3474 823 3509; x_wconf 84' lang='lat' dir='ltr'><strong>zu</strong></span> <span class='ocrx_word' id='word_1_349' title='bbox 855 3473 912 3509; x_wconf 89' lang='lat' dir='ltr'><strong>non</strong></span> <span class='ocrx_word' id='word_1_350' title='bbox 943 3452 1128 3508; x_wconf 74' lang='lat' dir='ltr'><strong>mediocriter.</strong></span> <span class='ocrx_word' id='word_1_351' title='bbox 1158 3482 1194 3492; x_wconf 90' lang='lat'><em>-</em></span> <span class='ocrx_word' id='word_1_352' title='bbox 1220 3451 1351 3506; x_wconf 88' lang='lat' dir='ltr'><strong>bellum</strong></span> 
     </span>
     <span class='ocr_line' id='line_1_39' title="bbox 173 3522 1351 3594; baseline -0.001 -18"><span class='ocrx_word' id='word_1_353' title='bbox 173 3524 243 3576; x_wconf 79' lang='lat' dir='ltr'><strong>tute.</strong></span> <span class='ocrx_word' id='word_1_354' title='bbox 271 3553 305 3562; x_wconf 95' lang='lat'><em>-</em></span> <span class='ocrx_word' id='word_1_355' title='bbox 334 3529 358 3577; x_wconf 88' lang='lat'><strong>8.</strong></span> <span class='ocrx_word' id='word_1_356' title='bbox 388 3522 589 3576; x_wconf 85' lang='lat' dir='ltr'><strong>conductam</strong></span> <span class='ocrx_word' id='word_1_357' title='bbox 615 3549 648 3568; x_wconf 96' lang='lat'>=</span> <span class='ocrx_word' id='word_1_358' title='bbox 677 3528 735 3578; x_wconf 83' lang='lat' dir='ltr'><strong>eni·</strong></span> <span class='ocrx_word' id='word_1_359' title='bbox 788 3527 917 3580; x_wconf 81' lang='lat' dir='ltr'><strong>iacere:</strong></span> <span class='ocrx_word' id='word_1_360' title='bbox 946 3525 1034 3594; x_wconf 87' lang='lat' dir='ltr'><strong>vergl.</strong></span> <span class='ocrx_word' id='word_1_361' title='bbox 1059 3524 1105 3577; x_wconf 90' lang='lat' dir='ltr'><strong>die</strong></span> <span class='ocrx_word' id='word_1_362' title='bbox 1127 3524 1212 3577; x_wconf 78' lang='lat' dir='ltr'><strong>lebate</strong></span> <span class='ocrx_word' id='word_1_363' title='bbox 1236 3523 1351 3576; x_wconf 87' lang='lat' dir='ltr'><strong>Anmer-</strong></span> 
     </span>
     <span class='ocr_line' id='line_1_40' title="bbox 174 3592 1353 3666; baseline -0.001 -19"><span class='ocrx_word' id='word_1_364' title='bbox 174 3593 267 3647; x_wconf 85' lang='lat' dir='ltr'><strong>weder</strong></span> <span class='ocrx_word' id='word_1_365' title='bbox 286 3596 413 3647; x_wconf 80' lang='lat' dir='ltr'><strong>coactam</strong></span> <span class='ocrx_word' id='word_1_366' title='bbox 434 3593 501 3646; x_wconf 90' lang='lat' dir='ltr'><strong>oder</strong></span> <span class='ocrx_word' id='word_1_367' title='bbox 524 3595 652 3649; x_wconf 89' lang='lat' dir='ltr'><strong>mercede</strong></span> <span class='ocrx_word' id='word_1_368' title='bbox 671 3611 736 3649; x_wconf 90' lang='lat' dir='ltr'><strong>con·</strong></span> <span class='ocrx_word' id='word_1_369' title='bbox 789 3597 867 3666; x_wconf 81' lang='lat' dir='ltr'><strong>hung</strong></span> <span class='ocrx_word' id='word_1_370' title='bbox 890 3596 938 3650; x_wconf 88' lang='lat' dir='ltr'><strong>des</strong></span> <span class='ocrx_word' id='word_1_371' title='bbox 961 3601 986 3649; x_wconf 88' lang='lat'><strong>3.</strong></span> <span class='ocrx_word' id='word_1_372' title='bbox 1005 3594 1123 3650; x_wconf 86' lang='lat' dir='ltr'><strong>Buches.</strong></span> <span class='ocrx_word' id='word_1_373' title='bbox 1142 3623 1177 3632; x_wconf 93' lang='lat'>—</span> <span class='ocrx_word' id='word_1_374' title='bbox 1201 3592 1353 3648; x_wconf 81' lang='lat' dir='ltr'><strong>vixerat</strong></span> 
     </span>
     <span class='ocr_line' id='line_1_41' title="bbox 174 3663 1353 3733; baseline -0.001 -15"><span class='ocrx_word' id='word_1_375' title='bbox 174 3665 296 3718; x_wconf 82' lang='lat' dir='ltr'><strong>ductam.</strong></span> <span class='ocrx_word' id='word_1_376' title='bbox 325 3695 358 3702; x_wconf 91' lang='lat'>—</span> <span class='ocrx_word' id='word_1_377' title='bbox 392 3663 509 3721; x_wconf 88' lang='lat' dir='ltr'><strong>biduo:</strong></span> <span class='ocrx_word' id='word_1_378' title='bbox 538 3665 587 3719; x_wconf 90' lang='lat' dir='ltr'><strong>der</strong></span> <span class='ocrx_word' id='word_1_379' title='bbox 615 3666 677 3721; x_wconf 87' lang='lat' dir='ltr'><strong>Abl.</strong></span> <span class='ocrx_word' id='word_1_380' title='bbox 706 3666 736 3719; x_wconf 91' lang='lat' dir='ltr'><strong>in</strong></span> <span class='ocrx_word' id='word_1_381' title='bbox 790 3663 1353 3733; x_wconf 74' lang='lat' dir='ltr'><strong>credendum:nebeneineruegstion</strong></span> 
     </span>
     <span class='ocr_line' id='line_1_42' title="bbox 173 3733 1379 3805; baseline -0.001 -16"><span class='ocrx_word' id='word_1_382' title='bbox 173 3735 335 3790; x_wconf 89' lang='lat' dir='ltr'><strong>demselben</strong></span> <span class='ocrx_word' id='word_1_383' title='bbox 356 3734 441 3787; x_wconf 88' lang='lat' dir='ltr'><strong>Sinne</strong></span> <span class='ocrx_word' id='word_1_384' title='bbox 463 3734 567 3801; x_wconf 84' lang='lat' dir='ltr'><strong>wie3‚</strong></span> <span class='ocrx_word' id='word_1_385' title='bbox 588 3744 620 3790; x_wconf 83' lang='lat'><strong>12</strong></span> <span class='ocrx_word' id='word_1_386' title='bbox 645 3735 736 3805; x_wconf 83' lang='lat' dir='ltr'><strong>spatio</strong></span> <span class='ocrx_word' id='word_1_387' title='bbox 789 3738 846 3791; x_wconf 90' lang='lat' dir='ltr'><strong>und</strong></span> <span class='ocrx_word' id='word_1_388' title='bbox 865 3736 1014 3791; x_wconf 81' lang='lat' dir='ltr'><strong>besonders</strong></span> <span class='ocrx_word' id='word_1_389' title='bbox 1032 3736 1123 3790; x_wconf 90' lang='lat' dir='ltr'><strong>neben</strong></span> <span class='ocrx_word' id='word_1_390' title='bbox 1140 3736 1189 3789; x_wconf 83' lang='lat' dir='ltr'><strong>vix</strong></span> <span class='ocrx_word' id='word_1_391' title='bbox 1206 3733 1278 3789; x_wconf 84' lang='lat' dir='ltr'><strong>wird</strong></span> <span class='ocrx_word' id='word_1_392' title='bbox 1303 3733 1379 3788; x_wconf 85' lang='lat' dir='ltr'><strong>das·</strong></span> 
     </span>
     <span class='ocr_line' id='line_1_43' title="bbox 173 3803 1353 3876; baseline -0.001 -17"><span class='ocrx_word' id='word_1_393' title='bbox 173 3805 321 3861; x_wconf 90' lang='lat' dir='ltr'><strong>duodecim</strong></span> <span class='ocrx_word' id='word_1_394' title='bbox 335 3806 476 3859; x_wconf 87' lang='lat' dir='ltr'><strong>horarum.</strong></span> <span class='ocrx_word' id='word_1_395' title='bbox 492 3837 525 3845; x_wconf 95' lang='lat'><em>-</em></span> <span class='ocrx_word' id='word_1_396' title='bbox 541 3813 565 3861; x_wconf 84' lang='lat'><strong>9.</strong></span> <span class='ocrx_word' id='word_1_397' title='bbox 580 3808 743 3876; x_wconf 84' lang='lat' dir='ltr'><strong>Ipsorum.</strong></span> <span class='ocrx_word' id='word_1_398' title='bbox 790 3808 961 3863; x_wconf 84' lang='lat' dir='ltr'><strong>Gerundium</strong></span> <span class='ocrx_word' id='word_1_399' title='bbox 990 3806 1058 3860; x_wconf 88' lang='lat' dir='ltr'><strong>oder</strong></span> <span class='ocrx_word' id='word_1_400' title='bbox 1080 3805 1131 3860; x_wconf 79' lang='lat' dir='ltr'><strong>dns</strong></span> <span class='ocrx_word' id='word_1_401' title='bbox 1154 3803 1298 3859; x_wconf 83' lang='lat' dir='ltr'><strong>Gerundir</strong></span> <span class='ocrx_word' id='word_1_402' title='bbox 1321 3819 1353 3859; x_wconf 83' lang='lat' dir='ltr'><strong>so</strong></span> 
     </span>
     <span class='ocr_line' id='line_1_44' title="bbox 173 3875 1356 3947; baseline -0.002 -16"><span class='ocrx_word' id='word_1_403' title='bbox 173 3908 208 3917; x_wconf 93' lang='lat'>-</span> <span class='ocrx_word' id='word_1_404' title='bbox 236 3875 436 3931; x_wconf 85' lang='lat' dir='ltr'><strong>consilinm:</strong></span> <span class='ocrx_word' id='word_1_405' title='bbox 465 3875 526 3931; x_wconf 89' lang='lat' dir='ltr'><strong>ihre</strong></span> <span class='ocrx_word' id='word_1_406' title='bbox 554 3877 653 3947; x_wconf 82' lang='lat' dir='ltr'><strong>eigene</strong></span> <span class='ocrx_word' id='word_1_407' title='bbox 676 3878 737 3946; x_wconf 85' lang='lat' dir='ltr'><strong>(des</strong></span> <span class='ocrx_word' id='word_1_408' title='bbox 789 3879 945 3944; x_wconf 70' lang='lat' dir='ltr'><strong>ubersetnt,</strong></span> <span class='ocrx_word' id='word_1_409' title='bbox 974 3877 1036 3930; x_wconf 83' lang='lat' dir='ltr'><strong>dass</strong></span> <span class='ocrx_word' id='word_1_410' title='bbox 1063 3893 1092 3930; x_wconf 84' lang='lat' dir='ltr'><strong>es</strong></span> <span class='ocrx_word' id='word_1_411' title='bbox 1119 3875 1165 3930; x_wconf 92' lang='lat' dir='ltr'><strong>die</strong></span> <span class='ocrx_word' id='word_1_412' title='bbox 1188 3875 1356 3944; x_wconf 77' lang='lat' dir='ltr'><strong>Beueutung</strong></span> 
     </span>
     <span class='ocr_line' id='line_1_45' title="bbox 175 3945 1357 4018; baseline -0.002 -16"><span class='ocrx_word' id='word_1_413' title='bbox 175 3946 259 4002; x_wconf 76' lang='lat' dir='ltr'><strong>(iotha</strong></span> <span class='ocrx_word' id='word_1_414' title='bbox 277 3948 335 4001; x_wconf 87' lang='lat' dir='ltr'><strong>und</strong></span> <span class='ocrx_word' id='word_1_415' title='bbox 356 3946 486 4015; x_wconf 83' lang='lat' dir='ltr'><strong>Sabinus)</strong></span> <span class='ocrx_word' id='word_1_416' title='bbox 506 3948 736 4018; x_wconf 82' lang='lat' dir='ltr'><strong>Entschliessung</strong></span> <span class='ocrx_word' id='word_1_417' title='bbox 791 3949 841 4004; x_wconf 86' lang='lat' dir='ltr'><strong>des</strong></span> <span class='ocrx_word' id='word_1_418' title='bbox 858 3947 1049 4014; x_wconf 83' lang='lat' dir='ltr'><strong>Thunliohen‚</strong></span> <span class='ocrx_word' id='word_1_419' title='bbox 1074 3947 1123 4001; x_wconf 85' lang='lat' dir='ltr'><strong>des</strong></span> <span class='ocrx_word' id='word_1_420' title='bbox 1141 3945 1304 4016; x_wconf 78' lang='lat' dir='ltr'><strong>Mbgliehen</strong></span> <span class='ocrx_word' id='word_1_421' title='bbox 1320 3963 1357 4000; x_wconf 80' lang='lat' dir='ltr'><strong>nn</strong></span> 
     </span>
     <span class='ocr_line' id='line_1_46' title="bbox 175 4015 1356 4099; baseline 0 -29"><span class='ocrx_word' id='word_1_422' title='bbox 175 4017 217 4071; x_wconf 85' lang='lat' dir='ltr'><strong>sei</strong></span> <span class='ocrx_word' id='word_1_423' title='bbox 235 4034 282 4084; x_wconf 84' lang='lat' dir='ltr'><strong>es,</strong></span> <span class='ocrx_word' id='word_1_424' title='bbox 300 4018 326 4071; x_wconf 89' lang='lat' dir='ltr'><strong>d.</strong></span> <span class='ocrx_word' id='word_1_425' title='bbox 338 4017 378 4099; x_wconf 76' lang='lat' dir='ltr'><strong>.h·.</strong></span> <span class='ocrx_word' id='word_1_426' title='bbox 393 4017 445 4071; x_wconf 84' lang='lat' dir='ltr'><strong>auf</strong></span> <span class='ocrx_word' id='word_1_427' title='bbox 465 4018 505 4072; x_wconf 89' lang='lat' dir='ltr'><strong>sie</strong></span> <span class='ocrx_word' id='word_1_428' title='bbox 523 4019 609 4072; x_wconf 81' lang='lat' dir='ltr'><strong>allein</strong></span> <span class='ocrx_word' id='word_1_429' title='bbox 626 4020 739 4073; x_wconf 80' lang='lat' dir='ltr'><strong>homme</strong></span> <span class='ocrx_word' id='word_1_430' title='bbox 793 4021 885 4075; x_wconf 75' lang='lat' dir='ltr'><strong>beben</strong></span> <span class='ocrx_word' id='word_1_431' title='bbox 904 4017 1013 4099; x_wconf 81' lang='lat' dir='ltr'><strong>scheini</strong></span> <span class='ocrx_word' id='word_1_432' title='bbox 1031 4017 1102 4099; x_wconf 77' lang='lat' dir='ltr'><strong>(oleo</strong></span> <span class='ocrx_word' id='word_1_433' title='bbox 1119 4016 1166 4072; x_wconf 86' lang='lat' dir='ltr'><strong>vix</strong></span> <span class='ocrx_word' id='word_1_434' title='bbox 1185 4018 1238 4071; x_wconf 80' lang='lat' dir='ltr'><strong>eie.</strong></span> <span class='ocrx_word' id='word_1_435' title='bbox 1254 4041 1289 4062; x_wconf 60' lang='grc' dir='ltr'><strong>-ε</strong></span> <span class='ocrx_word' id='word_1_436' title='bbox 1306 4015 1356 4070; x_wconf 82' lang='lat' dir='ltr'><strong>rix</strong></span> 
     </span>
     <span class='ocr_line' id='line_1_47' title="bbox 298 4086 1357 4228; baseline 0.002 -17.792"><span class='ocrx_word' id='word_1_437' title='bbox 175 4088 742 4228; x_wconf 61' lang='lat' dir='ltr'><strong>interimemur</strong></span> <span class='ocrx_word' id='word_1_438' title='bbox 793 4089 1043 4217; x_wconf 59' lang='lat' dir='ltr'><strong>erenstein</strong></span> <span class='ocrx_word' id='word_1_439' title='bbox 1060 4086 1357 4228; x_wconf 77' lang='grc' dir='ltr'><strong>ΜΜΜ</strong></span> 
     </span>
     <span class='ocr_line' id='line_1_48' title="bbox 176 4227 1356 4300; baseline 0 -19"><span class='ocrx_word' id='word_1_440' title='bbox 176 4229 333 4282; x_wconf 81' lang='lat' dir='ltr'><strong>rndrrecten</strong></span> <span class='ocrx_word' id='word_1_441' title='bbox 360 4229 459 4298; x_wconf 83' lang='lat' dir='ltr'><strong>Frage.</strong></span> <span class='ocrx_word' id='word_1_442' title='bbox 491 4259 526 4270; x_wconf 95' lang='lat'><em>-</em></span> <span class='ocrx_word' id='word_1_443' title='bbox 553 4230 593 4285; x_wconf 84' lang='lat' dir='ltr'><strong>ab</strong></span> <span class='ocrx_word' id='word_1_444' title='bbox 621 4230 678 4285; x_wconf 86' lang='lat' dir='ltr'><strong>iis:</strong></span> <span class='ocrx_word' id='word_1_445' title='bbox 706 4228 742 4284; x_wconf 82' lang='lat' dir='ltr'><strong>iis</strong></span> <span class='ocrx_word' id='word_1_446' title='bbox 794 4236 878 4300; x_wconf 77' lang='lat' dir='ltr'><strong>hung:</strong></span> <span class='ocrx_word' id='word_1_447' title='bbox 906 4246 973 4283; x_wconf 82' lang='lat' dir='ltr'><strong>men</strong></span> <span class='ocrx_word' id='word_1_448' title='bbox 996 4229 1087 4283; x_wconf 83' lang='lat' dir='ltr'><strong>durite</strong></span> <span class='ocrx_word' id='word_1_449' title='bbox 1114 4228 1201 4283; x_wconf 81' lang='lat' dir='ltr'><strong>kaurn</strong></span> <span class='ocrx_word' id='word_1_450' title='bbox 1223 4227 1356 4298; x_wconf 80' lang='lat' dir='ltr'><strong>glauben.</strong></span> 
     </span>
     <span class='ocr_line' id='line_1_49' title="bbox 175 4297 1357 4377; baseline 0.003 -27"><span class='ocrx_word' id='word_1_451' title='bbox 175 4298 639 4377; x_wconf 74' lang='lat' dir='ltr'><strong>bezieheauihibernis.-10.</strong></span> <span class='ocrx_word' id='word_1_452' title='bbox 665 4317 742 4355; x_wconf 91' lang='lat' dir='ltr'><strong>oon·</strong></span> <span class='ocrx_word' id='word_1_453' title='bbox 796 4333 831 4344; x_wconf 91' lang='lat'><em>-</em></span> <span class='ocrx_word' id='word_1_454' title='bbox 859 4309 884 4356; x_wconf 82' lang='lat'><strong>2.</strong></span> <span class='ocrx_word' id='word_1_455' title='bbox 912 4300 954 4354; x_wconf 83' lang='lat' dir='ltr'><strong>ad</strong></span> <span class='ocrx_word' id='word_1_456' title='bbox 980 4298 1175 4354; x_wconf 85' lang='lat' dir='ltr'><strong>eonsilium:</strong></span> <span class='ocrx_word' id='word_1_457' title='bbox 1207 4299 1277 4353; x_wconf 79' lang='lat' dir='ltr'><strong>tiber</strong></span> <span class='ocrx_word' id='word_1_458' title='bbox 1309 4297 1357 4353; x_wconf 89' lang='lat' dir='ltr'><strong>die</strong></span> 
     </span>
     <span class='ocr_line' id='line_1_50' title="bbox 159 4367 1357 4443; baseline 0.006 -26"><span class='ocrx_word' id='word_1_459' title='bbox 159 4367 312 4421; x_wconf 70' lang='lat' dir='ltr'><strong>firmare</strong></span> <span class='ocrx_word' id='word_1_460' title='bbox 332 4368 385 4423; x_wconf 80' lang='lat' dir='ltr'><strong>wie</strong></span> <span class='ocrx_word' id='word_1_461' title='bbox 406 4376 430 4439; x_wconf 84' lang='lat'><strong>1,</strong></span> <span class='ocrx_word' id='word_1_462' title='bbox 450 4377 468 4425; x_wconf 89' lang='lat'><strong><em>3</em></strong></span> <span class='ocrx_word' id='word_1_463' title='bbox 488 4372 646 4428; x_wconf 78' lang='lat' dir='ltr'><strong>confirmat.</strong></span> <span class='ocrx_word' id='word_1_464' title='bbox 677 4371 750 4443; x_wconf 75' lang='lat' dir='ltr'><strong>Vgt:</strong></span> <span class='ocrx_word' id='word_1_465' title='bbox 797 4372 994 4428; x_wconf 79' lang='lat' dir='ltr'><strong>‘lheilnehmer</strong></span> <span class='ocrx_word' id='word_1_466' title='bbox 1016 4387 1063 4424; x_wconf 84' lang='lat' dir='ltr'><strong>arn</strong></span> <span class='ocrx_word' id='word_1_467' title='bbox 1085 4369 1250 4439; x_wconf 83' lang='lat' dir='ltr'><strong>Kriegsrath</strong></span> <span class='ocrx_word' id='word_1_468' title='bbox 1278 4368 1357 4424; x_wconf 87' lang='lat' dir='ltr'><strong>siehe</strong></span> 
     </span>
    </p>
   </div>
   <div class='ocr_carea' id='block_1_4' title="bbox 0 0 1420 4778">
    <p class='ocr_par' dir='ltr' id='par_1_5' title="bbox 0 0 1420 4778">
     <span class='ocr_line' id='line_1_51' title="bbox 0 0 1420 4778; baseline 0 0"><span class='ocrx_word' id='word_1_469' title='bbox 0 0 1420 4778; x_wconf 95' lang='lat' dir='ltr'><strong> </strong></span> 
     </span>
    </p>
   </div>
  </div>
 </body>
</html>
