<?xml version="1.0" encoding="UTF-8"?>
<!DOCTYPE html PUBLIC "-//W3C//DTD XHTML 1.0 Transitional//EN"
    "http://www.w3.org/TR/xhtml1/DTD/xhtml1-transitional.dtd">
<html xmlns="http://www.w3.org/1999/xhtml" xml:lang="en" lang="en">
 <head>
  <title>
</title>
<meta http-equiv="Content-Type" content="text/html;charset=utf-8" />
  <meta name='ocr-system' content='tesseract 3.04.00' />
  <meta name='ocr-capabilities' content='ocr_page ocr_carea ocr_par ocr_line ocrx_word'/>
</head>
<body>
  <div class='ocr_page' id='page_1' title='image "./ciuliicaesarisc00dobegoog_0279.png"; bbox 0 0 2804 4778; ppageno 0'>
   <div class='ocr_carea' id='block_1_1' title="bbox 456 234 1234 302">
    <p class='ocr_par' dir='ltr' id='par_1_1' title="bbox 456 234 1234 302">
     <span class='ocr_line' id='line_1_1' title="bbox 456 234 1234 302; baseline 0.012 -12"><span class='ocrx_word' id='word_1_1' title='bbox 456 237 524 291; x_wconf 90' lang='lat' dir='ltr'>LIB.</span> <span class='ocrx_word' id='word_1_2' title='bbox 543 238 603 292; x_wconf 87' lang='lat' dir='ltr'>VII.</span> <span class='ocrx_word' id='word_1_3' title='bbox 632 237 708 293; x_wconf 83' lang='lat' dir='ltr'><strong>OAP.</strong></span> <span class='ocrx_word' id='word_1_4' title='bbox 729 242 841 293; x_wconf 74' lang='lat' dir='ltr'><strong>ro—rt.</strong></span> <span class='ocrx_word' id='word_1_5' title='bbox 1168 234 1234 302; x_wconf 77' lang='grc'><strong>257</strong></span> 
     </span>
    </p>
   </div>
   <div class='ocr_carea' id='block_1_2' title="bbox 19 400 1274 2515">
    <p class='ocr_par' dir='ltr' id='par_1_2' title="bbox 19 400 1274 2515">
     <span class='ocr_line' id='line_1_2' title="bbox 58 400 1233 481; baseline -0.003 -15"><span class='ocrx_word' id='word_1_6' title='bbox 58 404 132 466; x_wconf 83' lang='lat' dir='ltr'><strong>CCL</strong></span> <span class='ocrx_word' id='word_1_7' title='bbox 160 403 233 464; x_wconf 88' lang='lat' dir='ltr'><strong>haec</strong></span> <span class='ocrx_word' id='word_1_8' title='bbox 261 405 291 463; x_wconf 92' lang='lat' dir='ltr'><strong>in</strong></span> <span class='ocrx_word' id='word_1_9' title='bbox 315 402 486 463; x_wconf 77' lang='lat' dir='ltr'><strong>Aeduorum</strong></span> <span class='ocrx_word' id='word_1_10' title='bbox 513 400 622 462; x_wconf 88' lang='lat' dir='ltr'><strong>finibus</strong></span> <span class='ocrx_word' id='word_1_11' title='bbox 649 401 882 462; x_wconf 82' lang='lat' dir='ltr'><strong>recensebantur</strong></span> <span class='ocrx_word' id='word_1_12' title='bbox 909 420 1112 481; x_wconf 83' lang='lat' dir='ltr'><strong>numerusque</strong></span> <span class='ocrx_word' id='word_1_13' title='bbox 1140 403 1233 463; x_wconf 93' lang='lat' dir='ltr'><strong>iniba-</strong></span> 
     </span>
     <span class='ocr_line' id='line_1_3' title="bbox 61 489 1234 573; baseline 0 -20"><span class='ocrx_word' id='word_1_14' title='bbox 61 503 124 573; x_wconf 90' lang='lat' dir='ltr'><strong>tur,</strong></span> <span class='ocrx_word' id='word_1_15' title='bbox 156 493 300 571; x_wconf 82' lang='lat' dir='ltr'><strong>praefecti</strong></span> <span class='ocrx_word' id='word_1_16' title='bbox 332 489 599 552; x_wconf 80' lang='lat' dir='ltr'><strong>constituebantur.</strong></span> <span class='ocrx_word' id='word_1_17' title='bbox 646 489 777 550; x_wconf 85' lang='lat' dir='ltr'><strong>Commio</strong></span> <span class='ocrx_word' id='word_1_18' title='bbox 808 489 954 571; x_wconf 77' lang='lat' dir='ltr'><strong>Atrebati,</strong></span> <span class='ocrx_word' id='word_1_19' title='bbox 987 490 1170 553; x_wconf 87' lang='lat' dir='ltr'><strong>Viridomaro</strong></span> <span class='ocrx_word' id='word_1_20' title='bbox 1203 502 1234 553; x_wconf 94' lang='lat' dir='ltr'><strong>et</strong></span> 
     </span>
     <span class='ocr_line' id='line_1_4' title="bbox 61 578 1233 660; baseline 0 -20"><span class='ocrx_word' id='word_1_21' title='bbox 61 580 257 660; x_wconf 86' lang='lat' dir='ltr'><strong>Eporedorigi</strong></span> <span class='ocrx_word' id='word_1_22' title='bbox 285 580 408 660; x_wconf 89' lang='lat' dir='ltr'><strong>Aeduis,</strong></span> <span class='ocrx_word' id='word_1_23' title='bbox 435 578 706 639; x_wconf 82' lang='lat' dir='ltr'><strong>Vercassivellauno</strong></span> <span class='ocrx_word' id='word_1_24' title='bbox 734 578 879 658; x_wconf 85' lang='lat' dir='ltr'><strong>Arverno,</strong></span> <span class='ocrx_word' id='word_1_25' title='bbox 910 578 1088 639; x_wconf 86' lang='lat' dir='ltr'><strong>consobrino</strong></span> <span class='ocrx_word' id='word_1_26' title='bbox 1112 578 1233 640; x_wconf 90' lang='lat' dir='ltr'><strong>Vercin-</strong></span> 
     </span>
     <span class='ocr_line' id='line_1_5' title="bbox 50 666 1269 749; baseline 0 -20"><span class='ocrx_word' id='word_1_27' title='bbox 50 671 217 749; x_wconf 77' lang='lat' dir='ltr'><strong>getorigis,</strong></span> <span class='ocrx_word' id='word_1_28' title='bbox 241 686 354 728; x_wconf 91' lang='lat' dir='ltr'><strong>summa</strong></span> <span class='ocrx_word' id='word_1_29' title='bbox 378 670 495 746; x_wconf 92' lang='lat' dir='ltr'><strong>imperii</strong></span> <span class='ocrx_word' id='word_1_30' title='bbox 518 667 654 727; x_wconf 89' lang='lat' dir='ltr'><strong>traditur.</strong></span> <span class='ocrx_word' id='word_1_31' title='bbox 691 666 744 727; x_wconf 92' lang='lat' dir='ltr'><strong>His</strong></span> <span class='ocrx_word' id='word_1_32' title='bbox 768 666 875 727; x_wconf 92' lang='lat' dir='ltr'><strong>delecti</strong></span> <span class='ocrx_word' id='word_1_33' title='bbox 898 685 935 726; x_wconf 82' lang='lat' dir='ltr'><strong>ex</strong></span> <span class='ocrx_word' id='word_1_34' title='bbox 959 667 1126 728; x_wconf 86' lang='lat' dir='ltr'><strong>civitatibus</strong></span> <span class='ocrx_word' id='word_1_35' title='bbox 1150 672 1269 729; x_wconf 77' lang='lat' dir='ltr'><strong>atui-4</strong></span> 
     </span>
     <span class='ocr_line' id='line_1_6' title="bbox 41 754 1270 837; baseline 0 -20"><span class='ocrx_word' id='word_1_36' title='bbox 41 757 208 837; x_wconf 91' lang='lat' dir='ltr'><strong>-buuntur,</strong></span> <span class='ocrx_word' id='word_1_37' title='bbox 237 774 365 835; x_wconf 90' lang='lat' dir='ltr'><strong>quorum</strong></span> <span class='ocrx_word' id='word_1_38' title='bbox 388 755 511 815; x_wconf 87' lang='lat' dir='ltr'><strong>consilio</strong></span> <span class='ocrx_word' id='word_1_39' title='bbox 538 754 650 815; x_wconf 83' lang='lat' dir='ltr'><strong>bobum</strong></span> <span class='ocrx_word' id='word_1_40' title='bbox 672 755 937 815; x_wconf 85' lang='lat' dir='ltr'><strong>administraretur.</strong></span> <span class='ocrx_word' id='word_1_41' title='bbox 984 755 1094 816; x_wconf 89' lang='lat' dir='ltr'><strong>Omnes</strong></span> <span class='ocrx_word' id='word_1_42' title='bbox 1122 757 1233 817; x_wconf 90' lang='lat' dir='ltr'><strong>alacres</strong></span> <span class='ocrx_word' id='word_1_43' title='bbox 1253 770 1270 817; x_wconf 80' lang='lat'><strong>5</strong></span> 
     </span>
     <span class='ocr_line' id='line_1_7' title="bbox 19 842 1270 924; baseline 0 -18"><span class='ocrx_word' id='word_1_44' title='bbox 19 871 20 874; x_wconf 41' lang='lat'>¹</span> <span class='ocrx_word' id='word_1_45' title='bbox 60 855 91 906; x_wconf 91' lang='lat' dir='ltr'><strong>et</strong></span> <span class='ocrx_word' id='word_1_46' title='bbox 119 846 243 906; x_wconf 83' lang='lat' dir='ltr'><strong>fiduciae</strong></span> <span class='ocrx_word' id='word_1_47' title='bbox 274 845 355 924; x_wconf 92' lang='lat' dir='ltr'><strong>pleni</strong></span> <span class='ocrx_word' id='word_1_48' title='bbox 383 845 418 904; x_wconf 92' lang='lat' dir='ltr'><strong>ad</strong></span> <span class='ocrx_word' id='word_1_49' title='bbox 449 842 576 902; x_wconf 91' lang='lat' dir='ltr'><strong>Alesiam</strong></span> <span class='ocrx_word' id='word_1_50' title='bbox 603 843 847 923; x_wconf 85' lang='lat' dir='ltr'><strong>proficiscuntur,</strong></span> <span class='ocrx_word' id='word_1_51' title='bbox 880 861 977 922; x_wconf 89' lang='lat' dir='ltr'><strong>neque</strong></span> <span class='ocrx_word' id='word_1_52' title='bbox 1006 852 1069 904; x_wconf 94' lang='lat' dir='ltr'><strong>erat</strong></span> <span class='ocrx_word' id='word_1_53' title='bbox 1102 848 1270 906; x_wconf 78' lang='lat' dir='ltr'><strong>omniumu</strong></span> 
     </span>
     <span class='ocr_line' id='line_1_8' title="bbox 60 931 1233 1014; baseline 0 -20"><span class='ocrx_word' id='word_1_54' title='bbox 60 936 232 1014; x_wconf 90' lang='lat' dir='ltr'><strong>quisquam,</strong></span> <span class='ocrx_word' id='word_1_55' title='bbox 261 936 313 1011; x_wconf 93' lang='lat' dir='ltr'><strong>qui</strong></span> <span class='ocrx_word' id='word_1_56' title='bbox 336 940 488 1011; x_wconf 90' lang='lat' dir='ltr'><strong>aspectum</strong></span> <span class='ocrx_word' id='word_1_57' title='bbox 517 931 604 991; x_wconf 88' lang='lat' dir='ltr'><strong>modo</strong></span> <span class='ocrx_word' id='word_1_58' title='bbox 633 939 732 991; x_wconf 89' lang='lat' dir='ltr'><strong>tantae</strong></span> <span class='ocrx_word' id='word_1_59' title='bbox 756 931 954 992; x_wconf 91' lang='lat' dir='ltr'><strong>multitudiuis</strong></span> <span class='ocrx_word' id='word_1_60' title='bbox 978 935 1120 992; x_wconf 89' lang='lat' dir='ltr'><strong>sustineri</strong></span> <span class='ocrx_word' id='word_1_61' title='bbox 1145 953 1233 1012; x_wconf 92' lang='lat' dir='ltr'><strong>posse</strong></span> 
     </span>
     <span class='ocr_line' id='line_1_9' title="bbox 61 1018 1234 1104; baseline -0.001 -21"><span class='ocrx_word' id='word_1_62' title='bbox 61 1022 271 1102; x_wconf 85' lang='lat' dir='ltr'><strong>arbitraretur,</strong></span> <span class='ocrx_word' id='word_1_63' title='bbox 294 1023 471 1100; x_wconf 91' lang='lat' dir='ltr'><strong>praesertim</strong></span> <span class='ocrx_word' id='word_1_64' title='bbox 494 1021 614 1104; x_wconf 89' lang='lat' dir='ltr'><strong>ancipiti</strong></span> <span class='ocrx_word' id='word_1_65' title='bbox 636 1018 764 1101; x_wconf 92' lang='lat' dir='ltr'><strong>proelio,</strong></span> <span class='ocrx_word' id='word_1_66' title='bbox 794 1038 863 1080; x_wconf 91' lang='lat' dir='ltr'><strong>cum</strong></span> <span class='ocrx_word' id='word_1_67' title='bbox 886 1038 922 1079; x_wconf 85' lang='lat' dir='ltr'><strong>ex</strong></span> <span class='ocrx_word' id='word_1_68' title='bbox 946 1020 1054 1099; x_wconf 92' lang='lat' dir='ltr'><strong>oppido</strong></span> <span class='ocrx_word' id='word_1_69' title='bbox 1078 1025 1234 1101; x_wconf 88' lang='lat' dir='ltr'><strong>eruptione</strong></span> 
     </span>
     <span class='ocr_line' id='line_1_10' title="bbox 62 1108 1234 1194; baseline -0.001 -22"><span class='ocrx_word' id='word_1_70' title='bbox 62 1119 261 1194; x_wconf 85' lang='lat' dir='ltr'><strong>pugnaretur,</strong></span> <span class='ocrx_word' id='word_1_71' title='bbox 285 1111 358 1170; x_wconf 88' lang='lat' dir='ltr'><strong>foris</strong></span> <span class='ocrx_word' id='word_1_72' title='bbox 381 1116 479 1171; x_wconf 87' lang='lat' dir='ltr'><strong>tantae</strong></span> <span class='ocrx_word' id='word_1_73' title='bbox 504 1109 606 1186; x_wconf 90' lang='lat' dir='ltr'><strong>copiae</strong></span> <span class='ocrx_word' id='word_1_74' title='bbox 630 1110 779 1186; x_wconf 85' lang='lat' dir='ltr'><strong>equitatus</strong></span> <span class='ocrx_word' id='word_1_75' title='bbox 802 1108 1010 1187; x_wconf 88' lang='lat' dir='ltr'><strong>peditatusque</strong></span> <span class='ocrx_word' id='word_1_76' title='bbox 1030 1120 1234 1171; x_wconf 86' lang='lat' dir='ltr'><strong>cernerentur.</strong></span> 
     </span>
     <span class='ocr_line' id='line_1_11' title="bbox 154 1195 1236 1279; baseline -0.001 -20"><span class='ocrx_word' id='word_1_77' title='bbox 154 1197 204 1259; x_wconf 92' lang='grc'><strong>77.</strong></span> <span class='ocrx_word' id='word_1_78' title='bbox 228 1199 313 1279; x_wconf 91' lang='lat' dir='ltr'><strong>Atii,</strong></span> <span class='ocrx_word' id='word_1_79' title='bbox 337 1200 389 1276; x_wconf 95' lang='lat' dir='ltr'><strong>qui</strong></span> <span class='ocrx_word' id='word_1_80' title='bbox 412 1197 526 1257; x_wconf 78' lang='lat' dir='ltr'><strong>Alesiae</strong></span> <span class='ocrx_word' id='word_1_81' title='bbox 549 1195 771 1276; x_wconf 90' lang='lat' dir='ltr'><strong>obsidebantur,</strong></span> <span class='ocrx_word' id='word_1_82' title='bbox 793 1199 954 1275; x_wconf 89' lang='lat' dir='ltr'><strong>praeterita</strong></span> <span class='ocrx_word' id='word_1_83' title='bbox 972 1196 1029 1277; x_wconf 94' lang='lat' dir='ltr'><strong>die,</strong></span> <span class='ocrx_word' id='word_1_84' title='bbox 1052 1216 1108 1275; x_wconf 90' lang='lat' dir='ltr'><strong>qua</strong></span> <span class='ocrx_word' id='word_1_85' title='bbox 1129 1199 1236 1259; x_wconf 80' lang='lat' dir='ltr'><strong>arixilia</strong></span> 
     </span>
     <span class='ocr_line' id='line_1_12' title="bbox 65 1285 1234 1366; baseline -0.001 -18"><span class='ocrx_word' id='word_1_86' title='bbox 65 1306 189 1348; x_wconf 89' lang='lat' dir='ltr'><strong>suorum</strong></span> <span class='ocrx_word' id='word_1_87' title='bbox 212 1293 467 1366; x_wconf 82' lang='lat' dir='ltr'><strong>exspectaverant,</strong></span> <span class='ocrx_word' id='word_1_88' title='bbox 497 1292 673 1363; x_wconf 90' lang='lat' dir='ltr'><strong>consumpto</strong></span> <span class='ocrx_word' id='word_1_89' title='bbox 697 1287 777 1346; x_wconf 92' lang='lat' dir='ltr'><strong>omni</strong></span> <span class='ocrx_word' id='word_1_90' title='bbox 800 1285 964 1364; x_wconf 91' lang='lat' dir='ltr'><strong>frumento,</strong></span> <span class='ocrx_word' id='word_1_91' title='bbox 987 1287 1086 1366; x_wconf 89' lang='lat' dir='ltr'><strong>inscii,</strong></span> <span class='ocrx_word' id='word_1_92' title='bbox 1110 1287 1181 1366; x_wconf 92' lang='lat' dir='ltr'><strong>quid</strong></span> <span class='ocrx_word' id='word_1_93' title='bbox 1204 1290 1234 1347; x_wconf 94' lang='lat' dir='ltr'><strong>iu</strong></span> 
     </span>
     <span class='ocr_line' id='line_1_13' title="bbox 63 1372 1234 1454; baseline -0.001 -18"><span class='ocrx_word' id='word_1_94' title='bbox 63 1376 173 1436; x_wconf 81' lang='lat' dir='ltr'><strong>Aeduis</strong></span> <span class='ocrx_word' id='word_1_95' title='bbox 197 1383 362 1454; x_wconf 83' lang='lat' dir='ltr'><strong>gereretur,</strong></span> <span class='ocrx_word' id='word_1_96' title='bbox 386 1372 511 1434; x_wconf 90' lang='lat' dir='ltr'><strong>concilio</strong></span> <span class='ocrx_word' id='word_1_97' title='bbox 536 1382 638 1435; x_wconf 90' lang='lat' dir='ltr'><strong>coacto</strong></span> <span class='ocrx_word' id='word_1_98' title='bbox 661 1373 698 1433; x_wconf 92' lang='lat' dir='ltr'><strong>de</strong></span> <span class='ocrx_word' id='word_1_99' title='bbox 717 1375 799 1435; x_wconf 83' lang='lat' dir='ltr'><strong>exitu</strong></span> <span class='ocrx_word' id='word_1_100' title='bbox 819 1391 940 1434; x_wconf 92' lang='lat' dir='ltr'><strong>suarum</strong></span> <span class='ocrx_word' id='word_1_101' title='bbox 958 1373 1147 1435; x_wconf 88' lang='lat' dir='ltr'><strong>fortunarum</strong></span> <span class='ocrx_word' id='word_1_102' title='bbox 1165 1393 1234 1435; x_wconf 91' lang='lat' dir='ltr'><strong>con·</strong></span> 
     </span>
     <span class='ocr_line' id='line_1_14' title="bbox 63 1461 1272 1545; baseline 0 -20"><span class='ocrx_word' id='word_1_103' title='bbox 63 1464 219 1525; x_wconf 90' lang='lat' dir='ltr'><strong>sultabant.</strong></span> <span class='ocrx_word' id='word_1_104' title='bbox 269 1465 310 1524; x_wconf 92' lang='lat' dir='ltr'><strong>Ac</strong></span> <span class='ocrx_word' id='word_1_105' title='bbox 343 1465 431 1523; x_wconf 89' lang='lat' dir='ltr'><strong>variis</strong></span> <span class='ocrx_word' id='word_1_106' title='bbox 462 1461 550 1522; x_wconf 92' lang='lat' dir='ltr'><strong>dictis</strong></span> <span class='ocrx_word' id='word_1_107' title='bbox 580 1464 751 1542; x_wconf 90' lang='lat' dir='ltr'><strong>sententiis,</strong></span> <span class='ocrx_word' id='word_1_108' title='bbox 786 1480 912 1540; x_wconf 91' lang='lat' dir='ltr'><strong>quarum</strong></span> <span class='ocrx_word' id='word_1_109' title='bbox 947 1481 1017 1541; x_wconf 90' lang='lat' dir='ltr'><strong>pars</strong></span> <span class='ocrx_word' id='word_1_110' title='bbox 1046 1461 1272 1545; x_wconf 79' lang='lat' dir='ltr'><strong>deditionem,2</strong></span> 
     </span>
     <span class='ocr_line' id='line_1_15' title="bbox 62 1550 1236 1634; baseline 0.001 -22"><span class='ocrx_word' id='word_1_111' title='bbox 62 1571 146 1634; x_wconf 93' lang='lat' dir='ltr'><strong>pars,</strong></span> <span class='ocrx_word' id='word_1_112' title='bbox 174 1553 245 1613; x_wconf 92' lang='lat' dir='ltr'><strong>dum</strong></span> <span class='ocrx_word' id='word_1_113' title='bbox 273 1555 351 1612; x_wconf 86' lang='lat' dir='ltr'><strong>vires</strong></span> <span class='ocrx_word' id='word_1_114' title='bbox 379 1558 587 1631; x_wconf 89' lang='lat' dir='ltr'><strong>suppeterent,</strong></span> <span class='ocrx_word' id='word_1_115' title='bbox 617 1553 804 1630; x_wconf 89' lang='lat' dir='ltr'><strong>eruptionem</strong></span> <span class='ocrx_word' id='word_1_116' title='bbox 833 1550 985 1631; x_wconf 89' lang='lat' dir='ltr'><strong>censebat,</strong></span> <span class='ocrx_word' id='word_1_117' title='bbox 1016 1569 1076 1610; x_wconf 92' lang='lat' dir='ltr'><strong>non</strong></span> <span class='ocrx_word' id='word_1_118' title='bbox 1104 1561 1236 1631; x_wconf 89' lang='lat' dir='ltr'><strong>praeter-</strong></span> 
     </span>
     <span class='ocr_line' id='line_1_16' title="bbox 62 1639 1236 1719; baseline -0.001 -18"><span class='ocrx_word' id='word_1_119' title='bbox 62 1641 161 1701; x_wconf 92' lang='lat' dir='ltr'><strong>eunda</strong></span> <span class='ocrx_word' id='word_1_120' title='bbox 188 1643 282 1701; x_wconf 90' lang='lat' dir='ltr'><strong>oratio</strong></span> <span class='ocrx_word' id='word_1_121' title='bbox 311 1640 475 1718; x_wconf 83' lang='lat' dir='ltr'><strong>Critognati</strong></span> <span class='ocrx_word' id='word_1_122' title='bbox 504 1639 621 1699; x_wconf 87' lang='lat' dir='ltr'><strong>videtur</strong></span> <span class='ocrx_word' id='word_1_123' title='bbox 649 1646 773 1718; x_wconf 88' lang='lat' dir='ltr'><strong>propter</strong></span> <span class='ocrx_word' id='word_1_124' title='bbox 801 1641 865 1699; x_wconf 92' lang='lat' dir='ltr'><strong>eius</strong></span> <span class='ocrx_word' id='word_1_125' title='bbox 895 1640 1075 1719; x_wconf 85' lang='lat' dir='ltr'><strong>singularem</strong></span> <span class='ocrx_word' id='word_1_126' title='bbox 1103 1649 1133 1701; x_wconf 91' lang='lat' dir='ltr'><strong>et</strong></span> <span class='ocrx_word' id='word_1_127' title='bbox 1156 1641 1236 1701; x_wconf 85' lang='lat' dir='ltr'><strong>uela-</strong></span> 
     </span>
     <span class='ocr_line' id='line_1_17' title="bbox 62 1727 1271 1808; baseline 0.002 -20"><span class='ocrx_word' id='word_1_128' title='bbox 62 1732 138 1789; x_wconf 89' lang='lat' dir='ltr'><strong>riam</strong></span> <span class='ocrx_word' id='word_1_129' title='bbox 161 1729 374 1790; x_wconf 86' lang='lat' dir='ltr'><strong>crudelitatem.</strong></span> <span class='ocrx_word' id='word_1_130' title='bbox 420 1727 476 1788; x_wconf 90' lang='lat' dir='ltr'><strong>Hic</strong></span> <span class='ocrx_word' id='word_1_131' title='bbox 500 1745 616 1788; x_wconf 89' lang='lat' dir='ltr'><strong>summu</strong></span> <span class='ocrx_word' id='word_1_132' title='bbox 639 1729 671 1788; x_wconf 93' lang='lat' dir='ltr'><strong>in</strong></span> <span class='ocrx_word' id='word_1_133' title='bbox 694 1728 834 1787; x_wconf 85' lang='lat' dir='ltr'><strong>Arvernis</strong></span> <span class='ocrx_word' id='word_1_134' title='bbox 863 1735 948 1788; x_wconf 89' lang='lat' dir='ltr'><strong>ortus</strong></span> <span class='ocrx_word' id='word_1_135' title='bbox 970 1727 1035 1788; x_wconf 90' lang='lat' dir='ltr'><strong>loco</strong></span> <span class='ocrx_word' id='word_1_136' title='bbox 1060 1738 1090 1789; x_wconf 90' lang='lat' dir='ltr'><strong>et</strong></span> <span class='ocrx_word' id='word_1_137' title='bbox 1113 1747 1234 1808; x_wconf 81' lang='lat' dir='ltr'><strong>magnae</strong></span> <span class='ocrx_word' id='word_1_138' title='bbox 1254 1744 1271 1792; x_wconf 83' lang='lat'><strong>3</strong></span> 
     </span>
     <span class='ocr_line' id='line_1_18' title="bbox 63 1813 1235 1897; baseline 0 -20"><span class='ocrx_word' id='word_1_139' title='bbox 63 1818 181 1878; x_wconf 90' lang='lat' dir='ltr'><strong>habitus</strong></span> <span class='ocrx_word' id='word_1_140' title='bbox 216 1820 414 1897; x_wconf 86' lang='lat' dir='ltr'><strong>auctoritatis,</strong></span> <span class='ocrx_word' id='word_1_141' title='bbox 448 1813 542 1890; x_wconf 86' lang='lat' dir='ltr'><strong>Nihil,</strong></span> <span class='ocrx_word' id='word_1_142' title='bbox 574 1817 684 1896; x_wconf 90' lang='lat' dir='ltr'><strong>iuquit,</strong></span> <span class='ocrx_word' id='word_1_143' title='bbox 721 1816 758 1876; x_wconf 93' lang='lat' dir='ltr'><strong>de</strong></span> <span class='ocrx_word' id='word_1_144' title='bbox 789 1834 894 1877; x_wconf 89' lang='lat' dir='ltr'><strong>eorum</strong></span> <span class='ocrx_word' id='word_1_145' title='bbox 923 1819 1069 1877; x_wconf 90' lang='lat' dir='ltr'><strong>sententia</strong></span> <span class='ocrx_word' id='word_1_146' title='bbox 1099 1817 1235 1878; x_wconf 90' lang='lat' dir='ltr'><strong>dicturus</strong></span> 
     </span>
     <span class='ocr_line' id='line_1_19' title="bbox 63 1903 1236 1985; baseline -0.002 -19"><span class='ocrx_word' id='word_1_147' title='bbox 63 1924 140 1985; x_wconf 89' lang='lat' dir='ltr'><strong>sum,</strong></span> <span class='ocrx_word' id='word_1_148' title='bbox 164 1907 215 1984; x_wconf 91' lang='lat' dir='ltr'><strong>qui</strong></span> <span class='ocrx_word' id='word_1_149' title='bbox 233 1907 434 1984; x_wconf 90' lang='lat' dir='ltr'><strong>turpissimam</strong></span> <span class='ocrx_word' id='word_1_150' title='bbox 454 1906 630 1965; x_wconf 84' lang='lat' dir='ltr'><strong>servitutem</strong></span> <span class='ocrx_word' id='word_1_151' title='bbox 647 1903 806 1964; x_wconf 91' lang='lat' dir='ltr'><strong>deditionis</strong></span> <span class='ocrx_word' id='word_1_152' title='bbox 825 1905 944 1964; x_wconf 90' lang='lat' dir='ltr'><strong>nomine</strong></span> <span class='ocrx_word' id='word_1_153' title='bbox 963 1903 1119 1984; x_wconf 90' lang='lat' dir='ltr'><strong>appellant,</strong></span> <span class='ocrx_word' id='word_1_154' title='bbox 1138 1923 1236 1982; x_wconf 91' lang='lat' dir='ltr'><strong>neque</strong></span> 
     </span>
     <span class='ocr_line' id='line_1_20' title="bbox 63 1991 1236 2070; baseline -0.003 -16"><span class='ocrx_word' id='word_1_155' title='bbox 63 1992 120 2054; x_wconf 90' lang='lat' dir='ltr'><strong>hos</strong></span> <span class='ocrx_word' id='word_1_156' title='bbox 147 1993 300 2054; x_wconf 88' lang='lat' dir='ltr'><strong>habendos</strong></span> <span class='ocrx_word' id='word_1_157' title='bbox 328 1995 436 2053; x_wconf 85' lang='lat' dir='ltr'><strong>civium</strong></span> <span class='ocrx_word' id='word_1_158' title='bbox 463 1991 529 2052; x_wconf 92' lang='lat' dir='ltr'><strong>loco</strong></span> <span class='ocrx_word' id='word_1_159' title='bbox 552 2010 650 2070; x_wconf 92' lang='lat' dir='ltr'><strong>neque</strong></span> <span class='ocrx_word' id='word_1_160' title='bbox 674 1991 710 2051; x_wconf 93' lang='lat' dir='ltr'><strong>ad</strong></span> <span class='ocrx_word' id='word_1_161' title='bbox 733 1991 890 2051; x_wconf 89' lang='lat' dir='ltr'><strong>consilium</strong></span> <span class='ocrx_word' id='word_1_162' title='bbox 913 1991 1095 2054; x_wconf 88' lang='lat' dir='ltr'><strong>adhibendos</strong></span> <span class='ocrx_word' id='word_1_163' title='bbox 1120 2010 1236 2052; x_wconf 91' lang='lat' dir='ltr'><strong>censeo.</strong></span> 
     </span>
     <span class='ocr_line' id='line_1_21' title="bbox 64 2078 1274 2162; baseline -0.001 -18"><span class='ocrx_word' id='word_1_164' title='bbox 64 2082 140 2144; x_wconf 79' lang='lat' dir='ltr'><strong>Cum</strong></span> <span class='ocrx_word' id='word_1_165' title='bbox 166 2083 214 2142; x_wconf 93' lang='lat' dir='ltr'><strong>bis</strong></span> <span class='ocrx_word' id='word_1_166' title='bbox 236 2081 314 2141; x_wconf 82' lang='lat' dir='ltr'><strong>‘mihi</strong></span> <span class='ocrx_word' id='word_1_167' title='bbox 340 2099 389 2141; x_wconf 91' lang='lat' dir='ltr'><strong>res</strong></span> <span class='ocrx_word' id='word_1_168' title='bbox 417 2082 469 2162; x_wconf 93' lang='lat' dir='ltr'><strong>sit,</strong></span> <span class='ocrx_word' id='word_1_169' title='bbox 499 2083 550 2158; x_wconf 93' lang='lat' dir='ltr'><strong>qui</strong></span> <span class='ocrx_word' id='word_1_170' title='bbox 580 2083 768 2159; x_wconf 91' lang='lat' dir='ltr'><strong>eruptionem</strong></span> <span class='ocrx_word' id='word_1_171' title='bbox 789 2078 931 2160; x_wconf 84' lang='lat' dir='ltr'><strong>probaut3</strong></span> <span class='ocrx_word' id='word_1_172' title='bbox 962 2098 1090 2158; x_wconf 92' lang='lat' dir='ltr'><strong>quorum</strong></span> <span class='ocrx_word' id='word_1_173' title='bbox 1113 2083 1143 2140; x_wconf 96' lang='lat' dir='ltr'><strong>in</strong></span> <span class='ocrx_word' id='word_1_174' title='bbox 1168 2095 1274 2143; x_wconf 79' lang='lat' dir='ltr'><strong>oon-4</strong></span> 
     </span>
     <span class='ocr_line' id='line_1_22' title="bbox 65 2169 1238 2247; baseline -0.003 -16"><span class='ocrx_word' id='word_1_175' title='bbox 65 2171 129 2231; x_wconf 90' lang='lat' dir='ltr'><strong>silio</strong></span> <span class='ocrx_word' id='word_1_176' title='bbox 149 2172 282 2230; x_wconf 91' lang='lat' dir='ltr'><strong>omnium</strong></span> <span class='ocrx_word' id='word_1_177' title='bbox 303 2176 436 2229; x_wconf 89' lang='lat' dir='ltr'><strong>vestrum</strong></span> <span class='ocrx_word' id='word_1_178' title='bbox 460 2186 609 2229; x_wconf 91' lang='lat' dir='ltr'><strong>consensu</strong></span> <span class='ocrx_word' id='word_1_179' title='bbox 631 2169 774 2247; x_wconf 89' lang='lat' dir='ltr'><strong>pristinae</strong></span> <span class='ocrx_word' id='word_1_180' title='bbox 797 2169 930 2228; x_wconf 89' lang='lat' dir='ltr'><strong>residere</strong></span> <span class='ocrx_word' id='word_1_181' title='bbox 953 2171 1072 2228; x_wconf 86' lang='lat' dir='ltr'><strong>virtutis</strong></span> <span class='ocrx_word' id='word_1_182' title='bbox 1095 2171 1238 2228; x_wconf 89' lang='lat' dir='ltr'><strong>memoria</strong></span> 
     </span>
     <span class='ocr_line' id='line_1_23' title="bbox 64 2256 1274 2337; baseline 0.001 -18"><span class='ocrx_word' id='word_1_183' title='bbox 64 2260 190 2319; x_wconf 90' lang='lat' dir='ltr'><strong>videtur.</strong></span> <span class='ocrx_word' id='word_1_184' title='bbox 241 2259 339 2318; x_wconf 91' lang='lat' dir='ltr'><strong>Animi</strong></span> <span class='ocrx_word' id='word_1_185' title='bbox 368 2265 415 2318; x_wconf 90' lang='lat' dir='ltr'><strong>est</strong></span> <span class='ocrx_word' id='word_1_186' title='bbox 445 2259 502 2316; x_wconf 92' lang='lat' dir='ltr'><strong>ista</strong></span> <span class='ocrx_word' id='word_1_187' title='bbox 533 2257 669 2331; x_wconf 88' lang='lat' dir='ltr'><strong>mollitia,</strong></span> <span class='ocrx_word' id='word_1_188' title='bbox 701 2274 761 2316; x_wconf 93' lang='lat' dir='ltr'><strong>non</strong></span> <span class='ocrx_word' id='word_1_189' title='bbox 788 2257 896 2337; x_wconf 89' lang='lat' dir='ltr'><strong>virtus,</strong></span> <span class='ocrx_word' id='word_1_190' title='bbox 928 2256 1079 2336; x_wconf 88' lang='lat' dir='ltr'><strong>paulisper</strong></span> <span class='ocrx_word' id='word_1_191' title='bbox 1108 2259 1274 2336; x_wconf 84' lang='lat' dir='ltr'><strong>inopiam5</strong></span> 
     </span>
     <span class='ocr_line' id='line_1_24' title="bbox 64 2344 1239 2427; baseline -0.003 -19"><span class='ocrx_word' id='word_1_192' title='bbox 64 2349 144 2408; x_wconf 86' lang='lat' dir='ltr'><strong>ferre</strong></span> <span class='ocrx_word' id='word_1_193' title='bbox 168 2365 227 2407; x_wconf 93' lang='lat' dir='ltr'><strong>non</strong></span> <span class='ocrx_word' id='word_1_194' title='bbox 250 2364 347 2427; x_wconf 90' lang='lat' dir='ltr'><strong>posse.</strong></span> <span class='ocrx_word' id='word_1_195' title='bbox 390 2346 448 2417; x_wconf 84' lang='lat' dir='ltr'><strong>Qui</strong></span> <span class='ocrx_word' id='word_1_196' title='bbox 472 2363 503 2405; x_wconf 92' lang='lat' dir='ltr'><strong>se</strong></span> <span class='ocrx_word' id='word_1_197' title='bbox 527 2346 605 2406; x_wconf 93' lang='lat' dir='ltr'><strong>ultro</strong></span> <span class='ocrx_word' id='word_1_198' title='bbox 629 2346 718 2406; x_wconf 92' lang='lat' dir='ltr'><strong>morti</strong></span> <span class='ocrx_word' id='word_1_199' title='bbox 741 2344 876 2427; x_wconf 89' lang='lat' dir='ltr'><strong>olierant,</strong></span> <span class='ocrx_word' id='word_1_200' title='bbox 899 2345 1013 2405; x_wconf 81' lang='lat' dir='ltr'><strong>facilius</strong></span> <span class='ocrx_word' id='word_1_201' title='bbox 1036 2347 1239 2426; x_wconf 89' lang='lat' dir='ltr'><strong>reperiuntur,</strong></span> 
     </span>
     <span class='ocr_line' id='line_1_25' title="bbox 65 2433 1274 2515; baseline 0.002 -19"><span class='ocrx_word' id='word_1_202' title='bbox 65 2453 154 2515; x_wconf 91' lang='lat' dir='ltr'><strong>quam</strong></span> <span class='ocrx_word' id='word_1_203' title='bbox 182 2437 233 2513; x_wconf 93' lang='lat' dir='ltr'><strong>qui</strong></span> <span class='ocrx_word' id='word_1_204' title='bbox 261 2435 395 2495; x_wconf 91' lang='lat' dir='ltr'><strong>dolorem</strong></span> <span class='ocrx_word' id='word_1_205' title='bbox 421 2435 570 2514; x_wconf 89' lang='lat' dir='ltr'><strong>patienter</strong></span> <span class='ocrx_word' id='word_1_206' title='bbox 599 2434 704 2495; x_wconf 87' lang='lat' dir='ltr'><strong>ferant.</strong></span> <span class='ocrx_word' id='word_1_207' title='bbox 750 2433 846 2511; x_wconf 89' lang='lat' dir='ltr'><strong>Atque</strong></span> <span class='ocrx_word' id='word_1_208' title='bbox 875 2450 929 2514; x_wconf 81' lang='lat' dir='ltr'><strong>ego</strong></span> <span class='ocrx_word' id='word_1_209' title='bbox 957 2433 1032 2494; x_wconf 91' lang='lat' dir='ltr'><strong>hanc</strong></span> <span class='ocrx_word' id='word_1_210' title='bbox 1060 2437 1274 2500; x_wconf 78' lang='lat' dir='ltr'><strong>seutentiamc</strong></span> 
     </span>
    </p>
   </div>
   <div class='ocr_carea' id='block_1_3' title="bbox 64 2621 1241 3047">
    <p class='ocr_par' dir='ltr' id='par_1_3' title="bbox 64 2621 1241 3047">
     <span class='ocr_line' id='line_1_26' title="bbox 64 2621 1240 2679; baseline -0.003 0"><span class='ocrx_word' id='word_1_211' title='bbox 64 2655 98 2664; x_wconf 84' lang='lat'><em>-</em></span> <span class='ocrx_word' id='word_1_212' title='bbox 119 2623 248 2679; x_wconf 86' lang='lat' dir='ltr'><strong>excitatis</strong></span> <span class='ocrx_word' id='word_1_213' title='bbox 266 2626 363 2677; x_wconf 88' lang='lat' dir='ltr'><strong>tamen</strong></span> <span class='ocrx_word' id='word_1_214' title='bbox 380 2624 440 2677; x_wconf 86' lang='lat' dir='ltr'><strong>has.</strong></span> <span class='ocrx_word' id='word_1_215' title='bbox 458 2655 493 2663; x_wconf 96' lang='lat'>-</span> <span class='ocrx_word' id='word_1_216' title='bbox 512 2639 626 2677; x_wconf 90' lang='lat' dir='ltr'><strong>nume·</strong></span> <span class='ocrx_word' id='word_1_217' title='bbox 680 2623 794 2676; x_wconf 90' lang='lat' dir='ltr'><strong>Uehers.</strong></span> <span class='ocrx_word' id='word_1_218' title='bbox 819 2621 868 2676; x_wconf 85' lang='lat' dir='ltr'><strong>des</strong></span> <span class='ocrx_word' id='word_1_219' title='bbox 891 2621 1046 2676; x_wconf 83' lang='lat' dir='ltr'><strong>Gerundivs</strong></span> <span class='ocrx_word' id='word_1_220' title='bbox 1072 2621 1240 2677; x_wconf 87' lang='lat' dir='ltr'><strong>wiederhole</strong></span> 
     </span>
     <span class='ocr_line' id='line_1_27' title="bbox 64 2691 1240 2818; baseline -0.001 -70"><span class='ocrx_word' id='word_1_221' title='bbox 64 2712 190 2777; x_wconf 77' lang='lat' dir='ltr'><strong>rusque</strong></span> <span class='ocrx_word' id='word_1_222' title='bbox 208 2695 378 2748; x_wconf 81' lang='lat' dir='ltr'><strong>inibatur:</strong></span> <span class='ocrx_word' id='word_1_223' title='bbox 396 2693 487 2748; x_wconf 87' lang='lat' dir='ltr'><strong>dieser</strong></span> <span class='ocrx_word' id='word_1_224' title='bbox 501 2694 565 2798; x_wconf 61' lang='lat' dir='ltr'><strong>bata</strong></span> <span class='ocrx_word' id='word_1_225' title='bbox 585 2711 626 2774; x_wconf 76' lang='lat' dir='ltr'><strong>er·</strong></span> <span class='ocrx_word' id='word_1_226' title='bbox 681 2694 737 2816; x_wconf 58' lang='grc' dir='ltr'><strong>(1ᾳὲ</strong></span> <span class='ocrx_word' id='word_1_227' title='bbox 750 2698 871 2817; x_wconf 49' lang='lat' dir='ltr'><strong>bdussrdus</strong></span> <span class='ocrx_word' id='word_1_228' title='bbox 882 2691 1240 2818; x_wconf 43' lang='lat' dir='ltr'><strong>laxandgbgressffie}</strong></span> 
     </span>
     <span class='ocr_line' id='line_1_28' title="bbox 65 2765 1240 2903; baseline -0.003 -12"><span class='ocrx_word' id='word_1_229' title='bbox 65 2768 190 2891; x_wconf 60' lang='lat' dir='ltr'><strong>diroddddldt</strong></span> <span class='ocrx_word' id='word_1_230' title='bbox 203 2765 270 2889; x_wconf 54' lang='lat' dir='ltr'><strong>(Aradii</strong></span> <span class='ocrx_word' id='word_1_231' title='bbox 282 2765 627 2889; x_wconf 53' lang='lat' dir='ltr'><strong>rddidddddnffidsedolidit</strong></span> <span class='ocrx_word' id='word_1_232' title='bbox 680 2782 724 2903; x_wconf 72' lang='lat' dir='ltr'><strong>dd,</strong></span> <span class='ocrx_word' id='word_1_233' title='bbox 742 2781 758 2887; x_wconf 62' lang='lat' dir='ltr'><strong>i</strong></span> <span class='ocrx_word' id='word_1_234' title='bbox 779 2802 1000 2887; x_wconf 64' lang='lat' dir='ltr'><strong>adviderentur.</strong></span> <span class='ocrx_word' id='word_1_235' title='bbox 1015 2863 1049 2872; x_wconf 90' lang='lat'><strong>—-</strong></span> <span class='ocrx_word' id='word_1_236' title='bbox 1069 2840 1094 2889; x_wconf 88' lang='lat'><strong>3.</strong></span> <span class='ocrx_word' id='word_1_237' title='bbox 1114 2781 1240 2888; x_wconf 52' lang='lat' dir='ltr'><strong>sundmd</strong></span> 
     </span>
     <span class='ocr_line' id='line_1_29' title="bbox 65 2902 1240 2974; baseline -0.003 -13"><span class='ocrx_word' id='word_1_238' title='bbox 65 2907 120 2961; x_wconf 89' lang='lat' dir='ltr'><strong>den</strong></span> <span class='ocrx_word' id='word_1_239' title='bbox 152 2908 255 2961; x_wconf 78' lang='lat' dir='ltr'><strong>Sttzen</strong></span> <span class='ocrx_word' id='word_1_240' title='bbox 285 2906 344 2960; x_wconf 92' lang='lat' dir='ltr'><strong>und</strong></span> <span class='ocrx_word' id='word_1_241' title='bbox 376 2906 440 2959; x_wconf 91' lang='lat' dir='ltr'><strong>dem</strong></span> <span class='ocrx_word' id='word_1_242' title='bbox 475 2905 627 2974; x_wconf 83' lang='lat' dir='ltr'><strong>folgenden</strong></span> <span class='ocrx_word' id='word_1_243' title='bbox 682 2936 715 2944; x_wconf 86' lang='lat'>-</span> <span class='ocrx_word' id='word_1_244' title='bbox 743 2907 837 2958; x_wconf 87' lang='lat' dir='ltr'><strong>ortus</strong></span> <span class='ocrx_word' id='word_1_245' title='bbox 865 2903 941 2958; x_wconf 89' lang='lat' dir='ltr'><strong>loco</strong></span> <span class='ocrx_word' id='word_1_246' title='bbox 968 2902 1059 2959; x_wconf 77' lang='lat' dir='ltr'><strong>iibens.</strong></span> <span class='ocrx_word' id='word_1_247' title='bbox 1084 2905 1171 2959; x_wconf 87' lang='lat' dir='ltr'><strong>durch</strong></span> <span class='ocrx_word' id='word_1_248' title='bbox 1194 2905 1240 2958; x_wconf 93' lang='lat' dir='ltr'><strong>ein</strong></span> 
     </span>
     <span class='ocr_line' id='line_1_30' title="bbox 65 2973 1241 3047; baseline -0.002 -17"><span class='ocrx_word' id='word_1_249' title='bbox 65 2977 202 3047; x_wconf 86' lang='lat' dir='ltr'><strong>praefecti</strong></span> <span class='ocrx_word' id='word_1_250' title='bbox 216 2979 304 3031; x_wconf 89' lang='lat' dir='ltr'><strong>const.</strong></span> <span class='ocrx_word' id='word_1_251' title='bbox 319 2975 365 3031; x_wconf 90' lang='lat' dir='ltr'><strong>ein</strong></span> <span class='ocrx_word' id='word_1_252' title='bbox 375 2977 546 3046; x_wconf 73' lang='lat' dir='ltr'><strong>Asyndetou</strong></span> <span class='ocrx_word' id='word_1_253' title='bbox 561 2976 626 3029; x_wconf 88' lang='lat' dir='ltr'><strong>wel·</strong></span> <span class='ocrx_word' id='word_1_254' title='bbox 680 2974 860 3044; x_wconf 85' lang='lat' dir='ltr'><strong>Adjectivum</strong></span> <span class='ocrx_word' id='word_1_255' title='bbox 878 2973 935 3028; x_wconf 92' lang='lat' dir='ltr'><strong>und</strong></span> <span class='ocrx_word' id='word_1_256' title='bbox 953 2974 1032 3029; x_wconf 83' lang='lat' dir='ltr'><strong>ziehe</strong></span> <span class='ocrx_word' id='word_1_257' title='bbox 1050 2991 1079 3029; x_wconf 86' lang='lat' dir='ltr'><strong>es</strong></span> <span class='ocrx_word' id='word_1_258' title='bbox 1098 2994 1131 3029; x_wconf 83' lang='lat' dir='ltr'><strong>zu</strong></span> <span class='ocrx_word' id='word_1_259' title='bbox 1145 2975 1175 3028; x_wconf 90' lang='lat' dir='ltr'><strong>in</strong></span> <span class='ocrx_word' id='word_1_260' title='bbox 1188 2977 1241 3028; x_wconf 86' lang='lat' dir='ltr'><strong>Ar-</strong></span> 
     </span>
    </p>
   </div>
   <div class='ocr_carea' id='block_1_4' title="bbox 65 3046 628 3756">
    <p class='ocr_par' dir='ltr' id='par_1_4' title="bbox 65 3046 628 3756">
     <span class='ocr_line' id='line_1_31' title="bbox 66 3046 627 3115; baseline -0.005 -12"><span class='ocrx_word' id='word_1_261' title='bbox 66 3049 132 3103; x_wconf 88' lang='lat' dir='ltr'><strong>ches</strong></span> <span class='ocrx_word' id='word_1_262' title='bbox 150 3049 222 3102; x_wconf 83' lang='lat' dir='ltr'><strong>nach</strong></span> <span class='ocrx_word' id='word_1_263' title='bbox 237 3053 261 3112; x_wconf 88' lang='lat'><strong>1,</strong></span> <span class='ocrx_word' id='word_1_264' title='bbox 277 3052 311 3100; x_wconf 81' lang='lat'><strong>20</strong></span> <span class='ocrx_word' id='word_1_265' title='bbox 325 3046 403 3100; x_wconf 86' lang='lat' dir='ltr'><strong>Ende</strong></span> <span class='ocrx_word' id='word_1_266' title='bbox 418 3064 451 3100; x_wconf 83' lang='lat' dir='ltr'><strong>zu</strong></span> <span class='ocrx_word' id='word_1_267' title='bbox 465 3062 538 3115; x_wconf 80' lang='lat' dir='ltr'><strong>quoe</strong></span> <span class='ocrx_word' id='word_1_268' title='bbox 552 3048 627 3115; x_wconf 83' lang='lat' dir='ltr'><strong>agat,</strong></span> 
     </span>
     <span class='ocr_line' id='line_1_32' title="bbox 67 3118 628 3189; baseline -0.005 -17"><span class='ocrx_word' id='word_1_269' title='bbox 67 3119 234 3189; x_wconf 87' lang='lat' dir='ltr'><strong>quibuscum</strong></span> <span class='ocrx_word' id='word_1_270' title='bbox 247 3118 380 3186; x_wconf 82' lang='lat' dir='ltr'><strong>loquutur</strong></span> <span class='ocrx_word' id='word_1_271' title='bbox 394 3134 428 3171; x_wconf 82' lang='lat' dir='ltr'><strong>zu</strong></span> <span class='ocrx_word' id='word_1_272' title='bbox 441 3118 578 3172; x_wconf 70' lang='lat' dir='ltr'><strong>erklbren.</strong></span> <span class='ocrx_word' id='word_1_273' title='bbox 593 3147 628 3156; x_wconf 97' lang='lat'><em>-</em></span> 
     </span>
     <span class='ocr_line' id='line_1_33' title="bbox 66 3188 627 3258; baseline -0.005 -14"><span class='ocrx_word' id='word_1_274' title='bbox 66 3197 92 3245; x_wconf 85' lang='lat'><strong>6.</strong></span> <span class='ocrx_word' id='word_1_275' title='bbox 119 3190 295 3258; x_wconf 85' lang='lat' dir='ltr'><strong>aspectum</strong></span> <span class='ocrx_word' id='word_1_276' title='bbox 320 3188 429 3242; x_wconf 83' lang='lat' dir='ltr'><strong>modo:</strong></span> <span class='ocrx_word' id='word_1_277' title='bbox 455 3206 476 3242; x_wconf 92' lang='lat' dir='ltr'><strong>s.</strong></span> <span class='ocrx_word' id='word_1_278' title='bbox 501 3195 530 3256; x_wconf 82' lang='lat'><strong>6,</strong></span> <span class='ocrx_word' id='word_1_279' title='bbox 555 3193 627 3241; x_wconf 76' lang='lat'>8211</span> 
     </span>
     <span class='ocr_line' id='line_1_34' title="bbox 66 3257 626 3330; baseline -0.005 -15"><span class='ocrx_word' id='word_1_280' title='bbox 66 3261 202 3330; x_wconf 85' lang='lat' dir='ltr'><strong>impetum</strong></span> <span class='ocrx_word' id='word_1_281' title='bbox 213 3261 306 3314; x_wconf 90' lang='lat' dir='ltr'><strong>modo.</strong></span> <span class='ocrx_word' id='word_1_282' title='bbox 316 3290 352 3298; x_wconf 98' lang='lat'><em>-</em></span> <span class='ocrx_word' id='word_1_283' title='bbox 366 3257 514 3328; x_wconf 84' lang='lat' dir='ltr'><strong>ancipiti</strong></span> <span class='ocrx_word' id='word_1_284' title='bbox 528 3275 626 3328; x_wconf 88' lang='lat' dir='ltr'><strong>proe-</strong></span> 
     </span>
     <span class='ocr_line' id='line_1_35' title="bbox 65 3328 627 3387; baseline -0.005 -2"><span class='ocrx_word' id='word_1_285' title='bbox 65 3333 126 3387; x_wconf 87' lang='lat' dir='ltr'><strong>lio:</strong></span> <span class='ocrx_word' id='word_1_286' title='bbox 150 3331 195 3386; x_wconf 88' lang='lat' dir='ltr'><strong>eiu</strong></span> <span class='ocrx_word' id='word_1_287' title='bbox 214 3330 325 3385; x_wconf 85' lang='lat' dir='ltr'><strong>Treffen</strong></span> <span class='ocrx_word' id='word_1_288' title='bbox 347 3347 383 3385; x_wconf 86' lang='lat' dir='ltr'><strong>au</strong></span> <span class='ocrx_word' id='word_1_289' title='bbox 402 3329 472 3384; x_wconf 84' lang='lat' dir='ltr'><strong>zwei</strong></span> <span class='ocrx_word' id='word_1_290' title='bbox 488 3328 627 3384; x_wconf 81' lang='lat' dir='ltr'><strong>verschie-</strong></span> 
     </span>
     <span class='ocr_line' id='line_1_36' title="bbox 67 3400 628 3470; baseline -0.005 -14"><span class='ocrx_word' id='word_1_291' title='bbox 67 3403 157 3457; x_wconf 90' lang='lat' dir='ltr'><strong>denen</strong></span> <span class='ocrx_word' id='word_1_292' title='bbox 173 3403 316 3470; x_wconf 86' lang='lat' dir='ltr'><strong>Punkteu‚</strong></span> <span class='ocrx_word' id='word_1_293' title='bbox 339 3402 385 3456; x_wconf 91' lang='lat' dir='ltr'><strong>die</strong></span> <span class='ocrx_word' id='word_1_294' title='bbox 407 3400 448 3455; x_wconf 88' lang='lat' dir='ltr'><strong>im</strong></span> <span class='ocrx_word' id='word_1_295' title='bbox 464 3400 628 3470; x_wconf 83' lang='lat' dir='ltr'><strong>Fulgenden</strong></span> 
     </span>
     <span class='ocr_line' id='line_1_37' title="bbox 68 3472 627 3542; baseline -0.004 -16"><span class='ocrx_word' id='word_1_296' title='bbox 68 3488 192 3542; x_wconf 77' lang='lat' dir='ltr'><strong>genuuer</strong></span> <span class='ocrx_word' id='word_1_297' title='bbox 204 3472 368 3527; x_wconf 78' lang='lat' dir='ltr'><strong>bezeichnet</strong></span> <span class='ocrx_word' id='word_1_298' title='bbox 379 3472 500 3526; x_wconf 84' lang='lat' dir='ltr'><strong>werden.</strong></span> <span class='ocrx_word' id='word_1_299' title='bbox 514 3501 550 3512; x_wconf 88' lang='lat'><strong>·-</strong></span> <span class='ocrx_word' id='word_1_300' title='bbox 568 3488 627 3539; x_wconf 90' lang='lat' dir='ltr'><strong>pu·</strong></span> 
     </span>
     <span class='ocr_line' id='line_1_38' title="bbox 68 3542 628 3613; baseline -0.007 -15"><span class='ocrx_word' id='word_1_301' title='bbox 68 3544 261 3613; x_wconf 75' lang='lat' dir='ltr'><strong>gustetur,</strong></span> <span class='ocrx_word' id='word_1_302' title='bbox 294 3543 405 3597; x_wconf 87' lang='lat' dir='ltr'><strong>foris:</strong></span> <span class='ocrx_word' id='word_1_303' title='bbox 437 3542 545 3595; x_wconf 86' lang='lat' dir='ltr'><strong>welche</strong></span> <span class='ocrx_word' id='word_1_304' title='bbox 574 3542 628 3594; x_wconf 85' lang='lat' dir='ltr'><strong>Art</strong></span> 
     </span>
     <span class='ocr_line' id='line_1_39' title="bbox 67 3613 626 3683; baseline -0.005 -16"><span class='ocrx_word' id='word_1_305' title='bbox 67 3614 249 3683; x_wconf 80' lang='lat' dir='ltr'><strong>Asyndeton?</strong></span> <span class='ocrx_word' id='word_1_306' title='bbox 264 3643 297 3652; x_wconf 88' lang='lat'><em>-</em></span> <span class='ocrx_word' id='word_1_307' title='bbox 314 3614 435 3681; x_wconf 82' lang='lat' dir='ltr'><strong>copiae</strong></span> <span class='ocrx_word' id='word_1_308' title='bbox 449 3613 626 3680; x_wconf 80' lang='lat' dir='ltr'><strong>equitatus</strong></span> 
     </span>
     <span class='ocr_line' id='line_1_40' title="bbox 67 3682 581 3756; baseline -0.006 -17"><span class='ocrx_word' id='word_1_309' title='bbox 67 3685 316 3756; x_wconf 83' lang='lat' dir='ltr'><strong>peditatusque</strong></span> <span class='ocrx_word' id='word_1_310' title='bbox 333 3684 372 3736; x_wconf 91' lang='lat' dir='ltr'><strong>ist</strong></span> <span class='ocrx_word' id='word_1_311' title='bbox 390 3699 413 3736; x_wconf 87' lang='lat' dir='ltr'><strong>c.</strong></span> <span class='ocrx_word' id='word_1_312' title='bbox 432 3688 448 3735; x_wconf 75' lang='grc' dir='ltr'>ὅ</span> <span class='ocrx_word' id='word_1_313' title='bbox 468 3682 581 3737; x_wconf 71' lang='lat' dir='ltr'><strong>erkltrt.</strong></span> 
     </span>
    </p>
   </div>
   <div class='ocr_carea' id='block_1_5' title="bbox 68 3824 629 4316">
    <p class='ocr_par' dir='ltr' id='par_1_5' title="bbox 68 3824 629 4316">
     <span class='ocr_line' id='line_1_41' title="bbox 104 3824 627 3895; baseline -0.008 -15"><span class='ocrx_word' id='word_1_314' title='bbox 104 3825 171 3895; x_wconf 83' lang='lat' dir='ltr'><strong>(lap.</strong></span> <span class='ocrx_word' id='word_1_315' title='bbox 193 3831 234 3882; x_wconf 77' lang='lat'><strong>77.</strong></span> <span class='ocrx_word' id='word_1_316' title='bbox 268 3831 291 3878; x_wconf 90' lang='lat'><strong>1.</strong></span> <span class='ocrx_word' id='word_1_317' title='bbox 319 3824 423 3878; x_wconf 88' lang='lat' dir='ltr'><strong>inscii</strong></span> <span class='ocrx_word' id='word_1_318' title='bbox 446 3825 545 3877; x_wconf 84' lang='lat' dir='ltr'><strong>macho</strong></span> <span class='ocrx_word' id='word_1_319' title='bbox 564 3841 627 3876; x_wconf 84' lang='lat' dir='ltr'><strong>zum</strong></span> 
     </span>
     <span class='ocr_line' id='line_1_42' title="bbox 68 3893 627 3951; baseline -0.005 0"><span class='ocrx_word' id='word_1_320' title='bbox 68 3897 152 3951; x_wconf 87' lang='lat' dir='ltr'><strong>Verb.</strong></span> <span class='ocrx_word' id='word_1_321' title='bbox 162 3896 231 3950; x_wconf 89' lang='lat' dir='ltr'><strong>finit.</strong></span> <span class='ocrx_word' id='word_1_322' title='bbox 247 3926 282 3936; x_wconf 93' lang='lat'><em>-</em></span> <span class='ocrx_word' id='word_1_323' title='bbox 296 3896 521 3950; x_wconf 85' lang='lat' dir='ltr'><strong>fortunarum:</strong></span> <span class='ocrx_word' id='word_1_324' title='bbox 537 3893 627 3949; x_wconf 80' lang='lat' dir='ltr'><strong>iibens.</strong></span> 
     </span>
     <span class='ocr_line' id='line_1_43' title="bbox 68 3965 628 4022; baseline -0.007 0"><span class='ocrx_word' id='word_1_325' title='bbox 68 3968 127 4022; x_wconf 91' lang='lat' dir='ltr'><strong>und</strong></span> <span class='ocrx_word' id='word_1_326' title='bbox 149 3967 258 4022; x_wconf 69' lang='lat' dir='ltr'><strong>erkltro</strong></span> <span class='ocrx_word' id='word_1_327' title='bbox 282 3966 353 4020; x_wconf 83' lang='lat' dir='ltr'><strong>cuch</strong></span> <span class='ocrx_word' id='word_1_328' title='bbox 376 3967 430 4019; x_wconf 93' lang='lat' dir='ltr'><strong>den</strong></span> <span class='ocrx_word' id='word_1_329' title='bbox 452 3965 549 4020; x_wconf 84' lang='lat' dir='ltr'><strong>Plurul</strong></span> <span class='ocrx_word' id='word_1_330' title='bbox 570 3965 628 4019; x_wconf 91' lang='lat' dir='ltr'><strong>und</strong></span> 
     </span>
     <span class='ocr_line' id='line_1_44' title="bbox 68 4035 628 4105; baseline -0.005 -13"><span class='ocrx_word' id='word_1_331' title='bbox 68 4039 169 4094; x_wconf 80' lang='lat' dir='ltr'><strong>muchs</strong></span> <span class='ocrx_word' id='word_1_332' title='bbox 193 4037 238 4091; x_wconf 92' lang='lat' dir='ltr'><strong>die</strong></span> <span class='ocrx_word' id='word_1_333' title='bbox 261 4036 343 4090; x_wconf 84' lang='lat' dir='ltr'><strong>Kruft</strong></span> <span class='ocrx_word' id='word_1_334' title='bbox 365 4036 414 4090; x_wconf 87' lang='lat' dir='ltr'><strong>des</strong></span> <span class='ocrx_word' id='word_1_335' title='bbox 432 4035 628 4105; x_wconf 79' lang='lat' dir='ltr'><strong>Frequeutnti·</strong></span> 
     </span>
     <span class='ocr_line' id='line_1_45' title="bbox 68 4106 629 4163; baseline -0.007 0"><span class='ocrx_word' id='word_1_336' title='bbox 68 4128 137 4163; x_wconf 88' lang='lat' dir='ltr'><strong>vum</strong></span> <span class='ocrx_word' id='word_1_337' title='bbox 155 4108 352 4163; x_wconf 81' lang='lat' dir='ltr'><strong>consultabant</strong></span> <span class='ocrx_word' id='word_1_338' title='bbox 365 4107 453 4161; x_wconf 84' lang='lat' dir='ltr'><strong>durch</strong></span> <span class='ocrx_word' id='word_1_339' title='bbox 467 4106 512 4161; x_wconf 90' lang='lat' dir='ltr'><strong>die</strong></span> <span class='ocrx_word' id='word_1_340' title='bbox 526 4107 629 4162; x_wconf 85' lang='lat' dir='ltr'><strong>Ueber·</strong></span> 
     </span>
     <span class='ocr_line' id='line_1_46' title="bbox 70 4178 628 4250; baseline -0.007 -16"><span class='ocrx_word' id='word_1_341' title='bbox 70 4183 187 4250; x_wconf 83' lang='lat' dir='ltr'><strong>setzung</strong></span> <span class='ocrx_word' id='word_1_342' title='bbox 215 4178 352 4244; x_wconf 80' lang='lat' dir='ltr'><strong>deutlich3</strong></span> <span class='ocrx_word' id='word_1_343' title='bbox 382 4197 403 4233; x_wconf 87' lang='lat' dir='ltr'><strong>s.</strong></span> <span class='ocrx_word' id='word_1_344' title='bbox 427 4184 457 4246; x_wconf 89' lang='grc'><strong>3,</strong></span> <span class='ocrx_word' id='word_1_345' title='bbox 481 4184 529 4245; x_wconf 75' lang='grc'><strong>12,</strong></span> <span class='ocrx_word' id='word_1_346' title='bbox 552 4183 567 4231; x_wconf 93' lang='grc'>1</span> <span class='ocrx_word' id='word_1_347' title='bbox 594 4195 628 4230; x_wconf 86' lang='lat' dir='ltr'><strong>zu</strong></span> 
     </span>
     <span class='ocr_line' id='line_1_47' title="bbox 69 4249 624 4316; baseline -0.007 -11"><span class='ocrx_word' id='word_1_348' title='bbox 69 4250 280 4305; x_wconf 77' lang='lat' dir='ltr'><strong>afflictarentur.</strong></span> <span class='ocrx_word' id='word_1_349' title='bbox 300 4280 333 4290; x_wconf 92' lang='lat'>-</span> <span class='ocrx_word' id='word_1_350' title='bbox 358 4256 382 4303; x_wconf 83' lang='lat'><strong>2.</strong></span> <span class='ocrx_word' id='word_1_351' title='bbox 402 4249 477 4302; x_wconf 89' lang='lat' dir='ltr'><strong>dum</strong></span> <span class='ocrx_word' id='word_1_352' title='bbox 496 4279 538 4299; x_wconf 83' lang='lat'><strong>-.</strong></span> <span class='ocrx_word' id='word_1_353' title='bbox 550 4265 624 4316; x_wconf 92' lang='lat' dir='ltr'><strong>sup·</strong></span> 
     </span>
    </p>
   </div>
   <div class='ocr_carea' id='block_1_6' title="bbox 680 3044 1243 4315">
    <p class='ocr_par' dir='ltr' id='par_1_6' title="bbox 680 3044 1242 3964">
     <span class='ocr_line' id='line_1_48' title="bbox 681 3044 1241 3116; baseline -0.002 -16"><span class='ocrx_word' id='word_1_354' title='bbox 681 3045 774 3100; x_wconf 89' lang='lat' dir='ltr'><strong>vernis</strong></span> <span class='ocrx_word' id='word_1_355' title='bbox 801 3069 835 3089; x_wconf 86' lang='lat'>=</span> <span class='ocrx_word' id='word_1_356' title='bbox 862 3044 1011 3101; x_wconf 85' lang='lat' dir='ltr'><strong>Arvernus.</strong></span> <span class='ocrx_word' id='word_1_357' title='bbox 1038 3076 1074 3085; x_wconf 89' lang='lat'>—</span> <span class='ocrx_word' id='word_1_358' title='bbox 1101 3062 1241 3116; x_wconf 77' lang='lat' dir='ltr'><strong>magnae</strong></span> 
     </span>
     <span class='ocr_line' id='line_1_49' title="bbox 682 3115 1241 3186; baseline 0.002 -16"><span class='ocrx_word' id='word_1_359' title='bbox 682 3116 824 3170; x_wconf 82' lang='lat' dir='ltr'><strong>habitus</strong></span> <span class='ocrx_word' id='word_1_360' title='bbox 862 3115 1101 3171; x_wconf 83' lang='lat' dir='ltr'><strong>auctoritatis:</strong></span> <span class='ocrx_word' id='word_1_361' title='bbox 1138 3117 1241 3186; x_wconf 80' lang='lat' dir='ltr'><strong>Eigen-</strong></span> 
     </span>
     <span class='ocr_line' id='line_1_50' title="bbox 680 3186 1241 3256; baseline 0.002 -15"><span class='ocrx_word' id='word_1_362' title='bbox 680 3186 908 3256; x_wconf 78' lang='lat' dir='ltr'><strong>schaftsgonitiv3</strong></span> <span class='ocrx_word' id='word_1_363' title='bbox 922 3186 1035 3241; x_wconf 84' lang='lat' dir='ltr'><strong>habitus</strong></span> <span class='ocrx_word' id='word_1_364' title='bbox 1053 3188 1090 3242; x_wconf 85' lang='lat' dir='ltr'><strong>ist</strong></span> <span class='ocrx_word' id='word_1_365' title='bbox 1107 3187 1160 3242; x_wconf 90' lang='lat' dir='ltr'><strong>wie</strong></span> <span class='ocrx_word' id='word_1_366' title='bbox 1179 3204 1241 3242; x_wconf 85' lang='lat' dir='ltr'><strong>esse</strong></span> 
     </span>
     <span class='ocr_line' id='line_1_51' title="bbox 680 3258 1240 3327; baseline 0 -15"><span class='ocrx_word' id='word_1_367' title='bbox 680 3277 703 3312; x_wconf 85' lang='lat' dir='ltr'><strong>z.</strong></span> <span class='ocrx_word' id='word_1_368' title='bbox 722 3258 753 3314; x_wconf 87' lang='lat' dir='ltr'><strong>B.</strong></span> <span class='ocrx_word' id='word_1_369' title='bbox 777 3264 808 3325; x_wconf 83' lang='lat'><strong>5,</strong></span> <span class='ocrx_word' id='word_1_370' title='bbox 832 3263 867 3310; x_wconf 77' lang='lat'><strong>54</strong></span> <span class='ocrx_word' id='word_1_371' title='bbox 889 3258 1047 3314; x_wconf 87' lang='lat' dir='ltr'><strong>construirt.</strong></span> <span class='ocrx_word' id='word_1_372' title='bbox 1072 3289 1106 3299; x_wconf 91' lang='lat'><em>-</em></span> <span class='ocrx_word' id='word_1_373' title='bbox 1130 3274 1240 3327; x_wconf 89' lang='lat' dir='ltr'><strong>neque</strong></span> 
     </span>
     <span class='ocr_line' id='line_1_52' title="bbox 680 3327 1242 3396; baseline 0 -13"><span class='ocrx_word' id='word_1_374' title='bbox 680 3360 716 3368; x_wconf 98' lang='lat'><em>-</em></span> <span class='ocrx_word' id='word_1_375' title='bbox 737 3345 857 3396; x_wconf 90' lang='lat' dir='ltr'><strong>neque:</strong></span> <span class='ocrx_word' id='word_1_376' title='bbox 884 3327 1004 3383; x_wconf 83' lang='lat' dir='ltr'><strong>welches</strong></span> <span class='ocrx_word' id='word_1_377' title='bbox 1031 3329 1068 3382; x_wconf 87' lang='lat' dir='ltr'><strong>ist</strong></span> <span class='ocrx_word' id='word_1_378' title='bbox 1094 3329 1144 3384; x_wconf 84' lang='lat' dir='ltr'><strong>das</strong></span> <span class='ocrx_word' id='word_1_379' title='bbox 1171 3329 1242 3384; x_wconf 90' lang='lat' dir='ltr'><strong>Ver-</strong></span> 
     </span>
     <span class='ocr_line' id='line_1_53' title="bbox 680 3397 1241 3469; baseline 0.004 -16"><span class='ocrx_word' id='word_1_380' title='bbox 680 3399 800 3453; x_wconf 80' lang='lat' dir='ltr'><strong>hhltniss</strong></span> <span class='ocrx_word' id='word_1_381' title='bbox 814 3398 906 3453; x_wconf 88' lang='lat' dir='ltr'><strong>dieser</strong></span> <span class='ocrx_word' id='word_1_382' title='bbox 915 3397 996 3453; x_wconf 68' lang='lat' dir='ltr'><strong>Setae</strong></span> <span class='ocrx_word' id='word_1_383' title='bbox 1009 3416 1101 3469; x_wconf 88' lang='lat' dir='ltr'><strong>neque</strong></span> <span class='ocrx_word' id='word_1_384' title='bbox 1111 3402 1163 3455; x_wconf 88' lang='lat' dir='ltr'><strong>etc.</strong></span> <span class='ocrx_word' id='word_1_385' title='bbox 1177 3418 1241 3454; x_wconf 83' lang='lat' dir='ltr'><strong>num</strong></span> 
     </span>
     <span class='ocr_line' id='line_1_54' title="bbox 680 3470 1239 3539; baseline 0.002 -14"><span class='ocrx_word' id='word_1_386' title='bbox 680 3470 945 3539; x_wconf 82' lang='lat' dir='ltr'><strong>verborgeheuden?</strong></span> <span class='ocrx_word' id='word_1_387' title='bbox 959 3500 994 3509; x_wconf 96' lang='lat'><em>-</em></span> <span class='ocrx_word' id='word_1_388' title='bbox 1008 3470 1133 3525; x_wconf 84' lang='lat' dir='ltr'><strong>civium</strong></span> <span class='ocrx_word' id='word_1_389' title='bbox 1150 3471 1239 3526; x_wconf 88' lang='lat' dir='ltr'><strong>loeo:</strong></span> 
     </span>
     <span class='ocr_line' id='line_1_55' title="bbox 681 3541 1241 3610; baseline 0 -15"><span class='ocrx_word' id='word_1_390' title='bbox 681 3560 702 3595; x_wconf 90' lang='lat' dir='ltr'><strong>s.</strong></span> <span class='ocrx_word' id='word_1_391' title='bbox 722 3547 747 3610; x_wconf 80' lang='grc' dir='ltr'><strong>ὅ,</strong></span> <span class='ocrx_word' id='word_1_392' title='bbox 767 3546 792 3609; x_wconf 80' lang='grc'><strong>5,</strong></span> <span class='ocrx_word' id='word_1_393' title='bbox 810 3547 835 3594; x_wconf 84' lang='grc'><strong>3.</strong></span> <span class='ocrx_word' id='word_1_394' title='bbox 854 3571 889 3579; x_wconf 87' lang='grc'><strong>-</strong></span> <span class='ocrx_word' id='word_1_395' title='bbox 912 3541 954 3594; x_wconf 87' lang='lat' dir='ltr'><strong>ad</strong></span> <span class='ocrx_word' id='word_1_396' title='bbox 976 3541 1159 3596; x_wconf 86' lang='lat' dir='ltr'><strong>consilium</strong></span> <span class='ocrx_word' id='word_1_397' title='bbox 1182 3542 1241 3596; x_wconf 83' lang='lat' dir='ltr'><strong>ad·</strong></span> 
     </span>
     <span class='ocr_line' id='line_1_56' title="bbox 680 3611 1240 3682; baseline -0.002 -17"><span class='ocrx_word' id='word_1_398' title='bbox 680 3611 862 3666; x_wconf 88' lang='lat' dir='ltr'><strong>bibendos:</strong></span> <span class='ocrx_word' id='word_1_399' title='bbox 873 3612 1090 3682; x_wconf 80' lang='lat' dir='ltr'><strong>zurBerathung</strong></span> <span class='ocrx_word' id='word_1_400' title='bbox 1097 3630 1129 3665; x_wconf 80' lang='lat' dir='ltr'><strong>nu</strong></span> <span class='ocrx_word' id='word_1_401' title='bbox 1140 3613 1240 3678; x_wconf 79' lang='lat' dir='ltr'><strong>lusson,</strong></span> 
     </span>
     <span class='ocr_line' id='line_1_57' title="bbox 680 3681 1241 3752; baseline -0.004 -16"><span class='ocrx_word' id='word_1_402' title='bbox 680 3683 741 3736; x_wconf 90' lang='lat' dir='ltr'><strong>ihre</strong></span> <span class='ocrx_word' id='word_1_403' title='bbox 750 3682 885 3752; x_wconf 84' lang='lat' dir='ltr'><strong>Meiuung</strong></span> <span class='ocrx_word' id='word_1_404' title='bbox 898 3684 1065 3738; x_wconf 81' lang='lat' dir='ltr'><strong>auauhbren.</strong></span> <span class='ocrx_word' id='word_1_405' title='bbox 1076 3714 1112 3722; x_wconf 98' lang='lat'><em>-</em></span> <span class='ocrx_word' id='word_1_406' title='bbox 1121 3689 1145 3737; x_wconf 84' lang='lat'><strong>4.</strong></span> <span class='ocrx_word' id='word_1_407' title='bbox 1162 3681 1241 3735; x_wconf 81' lang='lat' dir='ltr'><strong>Cum</strong></span> 
     </span>
     <span class='ocr_line' id='line_1_58' title="bbox 681 3752 1241 3822; baseline -0.004 -15"><span class='ocrx_word' id='word_1_408' title='bbox 681 3754 735 3807; x_wconf 93' lang='lat' dir='ltr'><strong>his</strong></span> <span class='ocrx_word' id='word_1_409' title='bbox 753 3784 789 3793; x_wconf 89' lang='lat'>—</span> <span class='ocrx_word' id='word_1_410' title='bbox 808 3754 866 3807; x_wconf 85' lang='lat' dir='ltr'><strong>sit:</strong></span> <span class='ocrx_word' id='word_1_411' title='bbox 885 3754 1008 3822; x_wconf 89' lang='lat' dir='ltr'><strong>Beispiel</strong></span> <span class='ocrx_word' id='word_1_412' title='bbox 1026 3754 1102 3808; x_wconf 89' lang='lat' dir='ltr'><strong>eines</strong></span> <span class='ocrx_word' id='word_1_413' title='bbox 1117 3752 1195 3820; x_wconf 83' lang='lat' dir='ltr'><strong>Oonj.</strong></span> <span class='ocrx_word' id='word_1_414' title='bbox 1210 3753 1241 3806; x_wconf 92' lang='lat' dir='ltr'><strong>in</strong></span> 
     </span>
     <span class='ocr_line' id='line_1_59' title="bbox 681 3823 1240 3894; baseline -0.005 -15"><span class='ocrx_word' id='word_1_415' title='bbox 681 3824 772 3879; x_wconf 86' lang='lat' dir='ltr'><strong>einem</strong></span> <span class='ocrx_word' id='word_1_416' title='bbox 790 3825 975 3894; x_wconf 76' lang='lat' dir='ltr'><strong>Hauptsatae3</strong></span> <span class='ocrx_word' id='word_1_417' title='bbox 998 3825 1101 3878; x_wconf 88' lang='lat' dir='ltr'><strong>ebensu</strong></span> <span class='ocrx_word' id='word_1_418' title='bbox 1118 3824 1158 3876; x_wconf 88' lang='lat' dir='ltr'><strong>im</strong></span> <span class='ocrx_word' id='word_1_419' title='bbox 1176 3823 1240 3877; x_wconf 79' lang='lat' dir='ltr'><strong>Fol-</strong></span> 
     </span>
     <span class='ocr_line' id='line_1_60' title="bbox 701 3892 1240 3964; baseline -0.004 -15"><span class='ocrx_word' id='word_1_420' title='bbox 701 3895 791 3950; x_wconf 89' lang='lat' dir='ltr'><strong>euden</strong></span> <span class='ocrx_word' id='word_1_421' title='bbox 821 3895 1011 3964; x_wconf 86' lang='lat' dir='ltr'><strong>respiciamus.</strong></span> <span class='ocrx_word' id='word_1_422' title='bbox 1039 3924 1074 3933; x_wconf 92' lang='lat'><em>-</em></span> <span class='ocrx_word' id='word_1_423' title='bbox 1106 3899 1130 3948; x_wconf 80' lang='lat'><strong>5.</strong></span> <span class='ocrx_word' id='word_1_424' title='bbox 1158 3892 1240 3948; x_wconf 73' lang='lat' dir='ltr'><strong>istut</strong></span> 
     </span>
    </p>

    <p class='ocr_par' dir='ltr' id='par_1_7' title="bbox 681 3964 1243 4315">
     <span class='ocr_line' id='line_1_61' title="bbox 703 3964 1240 4034; baseline -0.002 -14"><span class='ocrx_word' id='word_1_425' title='bbox 703 3966 754 4033; x_wconf 85' lang='lat' dir='ltr'><strong>&#39;es,</strong></span> <span class='ocrx_word' id='word_1_426' title='bbox 780 3967 840 4020; x_wconf 86' lang='lat' dir='ltr'><strong>also</strong></span> <span class='ocrx_word' id='word_1_427' title='bbox 858 3965 982 4034; x_wconf 87' lang='lat' dir='ltr'><strong>Beispiel</strong></span> <span class='ocrx_word' id='word_1_428' title='bbox 999 3965 1044 4017; x_wconf 77' lang='lat' dir='ltr'><strong>fiir</strong></span> <span class='ocrx_word' id='word_1_429' title='bbox 1062 3964 1167 4019; x_wconf 86' lang='lat' dir='ltr'><strong>welche</strong></span> <span class='ocrx_word' id='word_1_430' title='bbox 1186 3965 1240 4019; x_wconf 82' lang='lat' dir='ltr'><strong>ue-</strong></span> 
     </span>
     <span class='ocr_line' id='line_1_62' title="bbox 681 4033 1241 4105; baseline -0.004 -14"><span class='ocrx_word' id='word_1_431' title='bbox 681 4037 746 4105; x_wconf 78' lang='lat' dir='ltr'><strong>gelt</strong></span> <span class='ocrx_word' id='word_1_432' title='bbox 765 4033 878 4100; x_wconf 86' lang='lat' dir='ltr'><strong>—Qui</strong></span> <span class='ocrx_word' id='word_1_433' title='bbox 896 4067 929 4076; x_wconf 90' lang='lat'><em>-</em></span> <span class='ocrx_word' id='word_1_434' title='bbox 954 4034 1116 4101; x_wconf 82' lang='lat' dir='ltr'><strong>offerant,</strong></span> <span class='ocrx_word' id='word_1_435' title='bbox 1137 4065 1171 4074; x_wconf 93' lang='lat'><em>-</em></span> <span class='ocrx_word' id='word_1_436' title='bbox 1189 4052 1241 4089; x_wconf 86' lang='lat' dir='ltr'><strong>re·</strong></span> 
     </span>
     <span class='ocr_line' id='line_1_63' title="bbox 681 4105 1242 4176; baseline -0.004 -15"><span class='ocrx_word' id='word_1_437' title='bbox 681 4107 876 4176; x_wconf 88' lang='lat' dir='ltr'><strong>periuntur:</strong></span> <span class='ocrx_word' id='word_1_438' title='bbox 900 4105 945 4159; x_wconf 80' lang='lat' dir='ltr'><strong>fiir</strong></span> <span class='ocrx_word' id='word_1_439' title='bbox 963 4105 1068 4159; x_wconf 88' lang='lat' dir='ltr'><strong>welche</strong></span> <span class='ocrx_word' id='word_1_440' title='bbox 1087 4106 1176 4173; x_wconf 87' lang='lat' dir='ltr'><strong>Regel</strong></span> <span class='ocrx_word' id='word_1_441' title='bbox 1195 4106 1242 4159; x_wconf 90' lang='lat' dir='ltr'><strong>ein</strong></span> 
     </span>
     <span class='ocr_line' id='line_1_64' title="bbox 681 4176 1241 4246; baseline -0.002 -16"><span class='ocrx_word' id='word_1_442' title='bbox 681 4176 821 4246; x_wconf 75' lang='lat' dir='ltr'><strong>Beispiel?</strong></span> <span class='ocrx_word' id='word_1_443' title='bbox 846 4206 882 4215; x_wconf 92' lang='lat'><em>-</em></span> <span class='ocrx_word' id='word_1_444' title='bbox 908 4183 932 4230; x_wconf 83' lang='grc'><strong>6.</strong></span> <span class='ocrx_word' id='word_1_445' title='bbox 960 4177 1083 4244; x_wconf 88' lang='lat' dir='ltr'><strong>Atque:</strong></span> <span class='ocrx_word' id='word_1_446' title='bbox 1112 4176 1169 4229; x_wconf 93' lang='lat' dir='ltr'><strong>und</strong></span> <span class='ocrx_word' id='word_1_447' title='bbox 1197 4193 1241 4242; x_wconf 84' lang='lat' dir='ltr'><strong>so;</strong></span> 
     </span>
     <span class='ocr_line' id='line_1_65' title="bbox 682 4245 1243 4315; baseline -0.002 -14"><span class='ocrx_word' id='word_1_448' title='bbox 682 4248 726 4301; x_wconf 89' lang='lat' dir='ltr'><strong>die</strong></span> <span class='ocrx_word' id='word_1_449' title='bbox 749 4245 866 4301; x_wconf 80' lang='lat' dir='ltr'><strong>Perinde</strong></span> <span class='ocrx_word' id='word_1_450' title='bbox 894 4246 1004 4301; x_wconf 71' lang='lat' dir='ltr'><strong>onthtlt</strong></span> <span class='ocrx_word' id='word_1_451' title='bbox 1029 4247 1167 4315; x_wconf 87' lang='lat' dir='ltr'><strong>Beispiele</strong></span> <span class='ocrx_word' id='word_1_452' title='bbox 1194 4265 1243 4300; x_wconf 85' lang='lat' dir='ltr'><strong>zur</strong></span> 
     </span>
    </p>
   </div>
   <div class='ocr_carea' id='block_1_7' title="bbox 69 4316 1243 4462">
    <p class='ocr_par' dir='ltr' id='par_1_8' title="bbox 69 4316 1243 4462">
     <span class='ocr_line' id='line_1_66' title="bbox 69 4316 1241 4390; baseline -0.003 -15"><span class='ocrx_word' id='word_1_453' title='bbox 69 4323 240 4390; x_wconf 86' lang='lat' dir='ltr'><strong>peterent:</strong></span> <span class='ocrx_word' id='word_1_454' title='bbox 273 4338 322 4375; x_wconf 85' lang='lat' dir='ltr'><strong>aus</strong></span> <span class='ocrx_word' id='word_1_455' title='bbox 349 4320 485 4375; x_wconf 85' lang='lat' dir='ltr'><strong>welchem</strong></span> <span class='ocrx_word' id='word_1_456' title='bbox 515 4318 627 4374; x_wconf 80' lang='lat' dir='ltr'><strong>Grunde</strong></span> <span class='ocrx_word' id='word_1_457' title='bbox 681 4318 770 4372; x_wconf 86' lang='lat' dir='ltr'><strong>Lehre</strong></span> <span class='ocrx_word' id='word_1_458' title='bbox 795 4333 850 4371; x_wconf 87' lang='lat' dir='ltr'><strong>von</strong></span> <span class='ocrx_word' id='word_1_459' title='bbox 875 4317 928 4370; x_wconf 91' lang='lat' dir='ltr'><strong>den</strong></span> <span class='ocrx_word' id='word_1_460' title='bbox 952 4316 1241 4388; x_wconf 67' lang='lat' dir='ltr'><strong>Bedingungssttnem</strong></span> 
     </span>
     <span class='ocr_line' id='line_1_67' title="bbox 69 4388 1243 4462; baseline -0.003 -16"><span class='ocrx_word' id='word_1_461' title='bbox 69 4393 120 4447; x_wconf 87' lang='lat' dir='ltr'><strong>der</strong></span> <span class='ocrx_word' id='word_1_462' title='bbox 134 4392 228 4462; x_wconf 61' lang='lat' dir='ltr'><strong>Ocni?</strong></span> <span class='ocrx_word' id='word_1_463' title='bbox 248 4424 281 4432; x_wconf 96' lang='lat'>—</span> <span class='ocrx_word' id='word_1_464' title='bbox 301 4389 564 4461; x_wconf 84' lang='lat' dir='ltr'><strong>praetereunda:</strong></span> <span class='ocrx_word' id='word_1_465' title='bbox 580 4406 629 4443; x_wconf 82' lang='lat' dir='ltr'><strong>zur</strong></span> <span class='ocrx_word' id='word_1_466' title='bbox 682 4388 780 4443; x_wconf 88' lang='lat' dir='ltr'><strong>weiter</strong></span> <span class='ocrx_word' id='word_1_467' title='bbox 792 4390 879 4442; x_wconf 91' lang='lat' dir='ltr'><strong>unten</strong></span> <span class='ocrx_word' id='word_1_468' title='bbox 894 4388 1030 4443; x_wconf 88' lang='lat' dir='ltr'><strong>ebenfalls</strong></span> <span class='ocrx_word' id='word_1_469' title='bbox 1045 4388 1091 4443; x_wconf 90' lang='lat' dir='ltr'><strong>ein</strong></span> <span class='ocrx_word' id='word_1_470' title='bbox 1103 4388 1243 4458; x_wconf 70' lang='lat' dir='ltr'><strong>Beispielz</strong></span> 
     </span>
    </p>
   </div>
   <div class='ocr_carea' id='block_1_8' title="bbox 124 4483 1027 4533">
    <p class='ocr_par' dir='ltr' id='par_1_9' title="bbox 124 4483 1027 4533">
     <span class='ocr_line' id='line_1_68' title="bbox 124 4483 1027 4533; baseline 0.003 -3"><span class='ocrx_word' id='word_1_471' title='bbox 124 4489 222 4531; x_wconf 68' lang='lat' dir='ltr'><strong>(lusan</strong></span> <span class='ocrx_word' id='word_1_472' title='bbox 235 4501 267 4530; x_wconf 78' lang='lat' dir='ltr'><strong>nn</strong></span> <span class='ocrx_word' id='word_1_473' title='bbox 281 4501 303 4530; x_wconf 83' lang='lat' dir='ltr'><strong>n.</strong></span> <span class='ocrx_word' id='word_1_474' title='bbox 318 4500 389 4531; x_wconf 76' lang='lat' dir='ltr'><strong>sunu.</strong></span> <span class='ocrx_word' id='word_1_475' title='bbox 995 4483 1027 4533; x_wconf 89' lang='grc'><strong>17</strong></span> 
     </span>
    </p>
   </div>
   <div class='ocr_carea' id='block_1_9' title="bbox 0 0 1417 4778">
    <p class='ocr_par' dir='ltr' id='par_1_10' title="bbox 0 0 1417 4778">
     <span class='ocr_line' id='line_1_69' title="bbox 0 0 1417 4778; baseline 0 0"><span class='ocrx_word' id='word_1_476' title='bbox 0 0 1417 4778; x_wconf 95' lang='lat' dir='ltr'><strong> </strong></span> 
     </span>
    </p>
   </div>
  </div>
 </body>
</html>
