2804 4778
488 237 556 293 ΗΒ.
575 237 650 294 Vin.
678 238 755 293 cAP.
775 243 890 292 34-40.
1211 238 1277 304 285

102 407 203 468 iestim
230 404 370 465 cobortes
397 403 528 483 undiquc
556 406 700 483 impetum
734 405 846 466 iaciunt
877 403 1076 482 omnibusque
1104 413 1155 466 aut
1185 407 1277 466 inter-

102 496 190 556 lectis
212 500 264 555 aut
286 494 381 572 captis
403 510 508 572 magna
530 492 639 572 praeda
662 494 827 572 potiuntur.
871 491 993 572 Capitur
1016 495 1080 573 ipse
1104 511 1140 554 eo
1163 493 1276 573 proelio

101 583 244 663 Drappes,

165 738 167 744 ,
191 668 244 732 37.
281 669 422 732 Caninius
445 668 614 731 felicissime
638 680 777 749 regesta
801 672 864 731 sine
888 670 948 732 ullo
971 688 1065 750 paene
1089 671 1191 732 militis
1214 670 1276 732 vul-

101 778 175 820 nere
198 759 235 820 ad
263 757 442 820 obsidendos
470 757 633 837 oppidanos
661 761 823 820 revertitur
850 767 1040 838 externoque
1060 759 1146 820 hoste
1170 758 1278 840 deleto,

99 850 188 909 ouius
211 850 318 910 timore
342 855 428 907 antea
450 846 582 907 dividere
609 846 755 926 praesidia
780 856 811 908 et
837 849 1002 909 munitione
1030 847 1193 927 oppidanos
1219 851 1312 909 cir-2

99 936 242 998 oumdare
265 935 435 1015 prohibitus
453 943 530 1017 erat,
553 952 644 1015 opem
662 935 794 1016 undique
813 938 940 1016 imperat
958 936 1167 998 administrari.
1190 935 1312 997 Venite

99 1025 207 1087 eodem
230 1042 299 1085 cum
323 1026 387 1084 suis
410 1026 503 1104 copiis
526 1031 647 1103 postero
671 1024 718 1085 die
738 1024 829 1086 Gaius
846 1023 956 1085 Fabius
978 1033 1153 1105 partemque
1176 1024 1277 1104 oppidi

101 1116 195 1175 sumit
217 1113 253 1173 ad
277 1111 483 1174 obsidendum.

193 1199 245 1264 38.
269 1199 377 1262 Caesar
399 1203 520 1263 interim
543 1201 580 1261 M.
604 1200 765 1264 Antonium
793 1212 983 1280 quaestorem
1011 1219 1080 1262 cum
1103 1201 1276 1263 cohortibus

101 1289 153 1351 XV
183 1293 214 1351 in
242 1289 404 1351 Bellovacis
433 1290 591 1371 relinquit,
620 1308 657 1350 ne
688 1308 746 1369 qua
775 1309 882 1352 rursus
910 1308 1055 1352 uovorum
1083 1289 1276 1352 consiliorum

99 1379 316 1459 capiendorum
343 1377 442 1458 Belgis
473 1378 597 1439 lacultas
624 1379 754 1440 daretur.
800 1378 866 1459 lpse
894 1378 1024 1457 reliquas
1052 1380 1186 1440 civitates
1208 1379 1311 1460 adita

99 1467 222 1528 obsides
240 1466 343 1547 plures
360 1469 500 1547 imperat,
518 1469 659 1528 timentes
681 1469 814 1529 omnium
833 1469 947 1528 animos
965 1467 1165 1528 consolatione
1185 1475 1277 1528 sanat.

101 1554 178 1616 Cum
201 1558 232 1616 in
255 1553 402 1617 Carnutes
424 1558 568 1636 venisset,
597 1574 725 1635 quorum
749 1559 779 1616 in
804 1558 921 1617 civitate
945 1558 1100 1636 superiore
1128 1575 1276 1617 commen·
1297 1569 1312 1616 3

100 1646 177 1705 tario
193 1643 301 1704 Caesar
324 1647 462 1723 exposuit
483 1647 603 1705 initium
625 1643 695 1706 belli
718 1663 784 1705 esse
804 1654 916 1725 ortum,
940 1645 1019 1724 quod
1042 1647 1202 1725 praecipue
1226 1648 1308 1706 eos·

101 1740 226 1813 propter
249 1734 460 1794 conscientiam
484 1733 554 1794 lacti
578 1735 684 1794 timere
707 1733 967 1813 animadvertebat,
982 1752 1041 1812 quo
1061 1733 1189 1795 celerius
1208 1736 1277 1794 civi-

101 1829 196 1882 tatem
225 1822 332 1880 timore
363 1820 517 1902 liberaret,
545 1824 713 1901 principem
743 1821 865 1883 sceleris
894 1821 974 1882 illius
1004 1831 1034 1883 et
1064 1824 1277 1882 concitatorem

99 1909 185 1990 belli,
213 1907 406 1990 Gutruatum,
433 1911 468 1970 ad
497 1910 676 1990 supplicium
704 1910 885 1990 depoposcit.
932 1909 991 1981 Qui
1017 1912 1075 1970 etsi
1102 1927 1140 1970 ne
1163 1909 1314 1970 civibust

100 1997 224 2077 quidem
247 1999 311 2057 suis
334 2015 367 2057 se
391 1998 607 2079 committebat,
629 2008 729 2059 tamen
752 1997 891 2059 celeriter
914 2000 1048 2058 omnium
1066 2015 1138 2057 eura
1161 2001 1278 2076 quaesi·

101 2095 152 2147 tus
170 2089 201 2151 in
221 2094 319 2146 castra
337 2085 522 2165 perducitur.
554 2085 677 2166 Cogitur
699 2088 730 2147 in
753 2089 820 2148 eius
843 2085 1022 2165 supplicium
1040 2084 1148 2146 Caesar
1171 2094 1311 2147 contrat

100 2193 187 2236 suam
209 2181 346 2234 naturam
369 2193 518 2236 concursu
537 2177 664 2236 maximo
683 2175 823 2251 militum,
846 2176 899 2254 qui
922 2177 949 2234 ei
972 2176 1070 2234 omnia
1092 2173 1225 2254 pericula
1248 2185 1279 2235 et

100 2263 281 2329 detrimenta
303 2260 373 2324 bebi
392 2271 512 2343 accepta
530 2263 714 2340 referebant,
732 2264 806 2325 adeo
829 2272 864 2324 ut
885 2263 1061 2324 verberibus
1080 2266 1277 2325 exanimatum

99 2370 213 2432 corpus
236 2354 336 2413 securi
358 2352 509 2413 feriretur.

193 2437 244 2502 39.
280 2439 326 2501 lbi
354 2440 469 2502 crebris
496 2441 604 2503 litteris
627 2441 743 2502 Caninii
765 2441 798 2502 nt
821 2442 946 2517 certior,
970 2459 1045 2519 quae
1069 2440 1106 2502 de
1130 2440 1278 2520 Drappete

102 2538 135 2590 et
158 2528 297 2590 Lucterio
320 2536 403 2607 gesta
426 2538 536 2604 essent,
559 2548 678 2609 quoque
701 2532 733 2590 in
752 2527 875 2590 consilio
898 2537 1108 2609 permanerent
1131 2529 1278 2609 oppidani.

102 2617 240 2688 Quorum
271 2620 328 2677 etsi
359 2621 537 2697 paucitatem
569 2617 792 2700 contemnebat,
820 2625 919 2678 tamen
951 2620 1145 2698 pertinaciam
1174 2629 1314 2697 magnae

101 2724 199 2785 poena
222 2724 289 2766 esse
312 2706 496 2766 alliciendam
518 2706 677 2788 iudicabat,
699 2726 737 2767 ne
761 2709 899 2768 universa
921 2705 1012 2766 Gallia
1035 2723 1095 2766 non
1119 2704 1176 2765 sibi
1199 2707 1278 2766 vires

102 2795 235 2856 defuisse
264 2793 300 2854 ad
328 2794 529 2856 resistendum
551 2795 705 2877 Romanis,
740 2795 792 2856 sed
822 2797 1018 2856 constantiam
1045 2801 1179 2874 putaret,
1205 2811 1279 2854 neve

101 2882 160 2942 hoo
184 2881 318 2962 'exemplo
342 2890 458 2943 ceterae
482 2885 621 2944 civitates·
639 2884 773 2944 locorum
797 2885 1018 2961 opportunitate
1042 2883 1135 2944 fretae
1160 2900 1191 2943 se
1216 2884 1277 2942 rin·

99 2971 239 3032 dicarent
260 2973 291 3030 in
314 2969 490 3052 libertatem,
513 2990 582 3033 cum
605 2971 743 3034 omnibus
762 2969 852 3032 Galba
875 2979 980 3032 notum
1002 2988 1069 3030 esse
1093 2973 1186 3031 sciret
1207 2969 1312 3034 reli-3

102 3077 193 3139 quam
216 3077 282 3121 esse
311 3076 401 3119 urnam
423 3068 565 3122 aestatem
588 3079 659 3122 suae
682 3062 867 3141 provinciae,
890 3077 979 3138 quam
1002 3061 1028 3119 si
1052 3061 1202 3120 sustinere
1225 3076 1276 3138 po·

101 3151 247 3228 tuissent,
270 3146 385 3208 nullum
412 3147 491 3209 ultra
519 3148 686 3228 periculum
714 3156 900 3210 vererentur.
945 3147 1048 3226 ltaque
1077 3146 1111 3218 Q.
1136 3146 1314 3211 Calenum4

101 3237 233 3316 legatum
262 3252 330 3295 oum
357 3234 524 3314 legionibus
551 3237 686 3318 reliquit,
720 3239 772 3315 qui
803 3239 890 3297 iustis
922 3235 1082 3296 itineribus
1114 3235 1276 3315 subseque-

102 3334 203 3404 retur,
226 3326 290 3403 ipse
314 3341 383 3383 cum
406 3327 487 3384 omni
510 3327 643 3403 equitatu
666 3343 756 3405 quarn
778 3332 878 3405 potest
896 3324 1051 3385 celerrime
1071 3324 1107 3385 ad
1122 3323 1279 3385 Caninium

105 3412 270 3474 contendit.

192 3498 245 3562 40.
276 3499 350 3561 Cum
374 3508 477 3561 contra
500 3504 751 3581 exspectationem
774 3504 906 3562 omnium
931 3500 1039 3562 Caesar
1061 3500 1278 3563 Uxellodunum

139 3688 270 3758 Capti.
304 3694 328 3743 1.
356 3688 430 3743 ullo
452 3704 573 3757 paene:
597 3689 666 3744 iiber
718 3688 1278 3745 biamznltmlichdeiuisse.—3.suae

101 3760 131 3814 d.
150 3758 281 3829 Stellung
298 3775 354 3814 von
371 3775 460 3828 paene
487 3777 508 3814 s.
532 3765 558 3827 6,
576 3764 620 3829 41,
639 3766 664 3814 3.
718 3759 930 3829 provinciae:
945 3757 1279 3815 seinerProvinaverwal·

103 3861 139 3872 -
157 3829 369 3900 prohibitus:
393 3847 442 3883 zur
465 3829 554 3885 Saohe
577 3830 664 3901 vergl.
718 3836 798 3901 tung.
833 3861 867 3873 -
898 3848 997 3900 quam
1028 3861 1064 3870 -
1095 3829 1279 3884 sustinere:

101 3918 127 3956 c.
146 3907 189 3956 34.
719 3902 856 3958 suebnere
869 3905 1015 3968 aestatem,
1034 3901 1089 3955 den
1102 3899 1188 3969 Krieg
1202 3898 1278 3954 eines

140 3971 206 4040 Cap.
235 3975 277 4026 38.
315 3977 340 4026 3.
369 3971 548 4041 superiore
577 3989 666 4028 com·
721 3973 860 4029 Sommers
884 3972 1040 4028 amhalten.
1060 4001 1094 4011 -
1117 3976 1142 4025 4.
1162 3969 1278 4025 iustis:

102 4042 286 4097 monterio:
305 4059 326 4095 s.
343 4048 367 4110 7,
382 4048 407 4096 3.
423 4073 457 4082 -
475 4043 559 4098 adeo
578 4045 616 4105 ut
631 4074 663 4084 -
716 4043 822 4098 iustum
840 4044 895 4098 iter
917 4043 962 4097 ein
980 4041 1104 4109 Mutuom
1127 4041 1181 4096 wie
1201 4057 1231 4096 er
1248 4040 1279 4095 in

102 4113 282 4168 ferireturr
301 4112 358 4183 vgl„
376 4113 447 4168 uber
465 4113 510 4168 die
530 4113 620 4170 Saohe
638 4121 663 4183 6,
717 4113 768 4168 der
793 4112 883 4183 Regel
910 4112 1081 4181 slastfindeb,
1113 4112 1159 4166 ein
1190 4112 1279 4236 reial-

101 4190 140 4239 44
156 4203 191 4239 au
209 4199 287 4239 more
304 4183 451 4239 maiorum
717 4183 842 4252 rechten,
864 4184 1112 4254 entgegengesetnt
1134 4183 1198 4238 dem
1245 4182 1279 4237 il-

140 4252 206 4324 Oap.
226 4260 269 4310 39.
289 4260 313 4311 1.
332 4255 372 4310 de
391 4255 577 4324 Drappete:
595 4255 664 4311 iiber
710 4254 847 4309 -marsche
865 4255 1010 4325 (magnum
1027 4255 1102 4323 iter).

102 4325 141 4380 de
159 4325 237 4382 aiche
257 4331 281 4394 1,
302 4330 343 4379 14.
358 4356 393 4365 -
411 4325 589 4395 oppidanis
607 4343 663 4382 von
753 4322 820 4394 Cap.
839 4331 883 4380 40.
912 4331 937 4383 1.
959 4325 1012 4380 Die
1034 4325 1079 4382 W.
1098 4327 1131 4380 A.
1154 4326 1206 4380 hat
1228 4325 1278 4378 das

103 4396 318 4451 Uxellodunum.
360 4427 393 4437 -
435 4403 460 4451 2.
504 4400 662 4454 constan·
717 4396 800 4452 Woxt
814 4396 954 4453 Ueserim
967 4399 1060 4452 ersten
1075 4397 1139 4452 Sata
1153 4394 1278 4466 desGap.
