2804 4778
89 207 132 272 84
491 208 538 263 DE
559 207 677 264 Bruto
697 207 853 264 cantico

90 393 186 455 neque
210 375 298 435 ullam
322 375 491 436 facultatem
513 374 622 435 habere
647 377 766 435 navium
789 394 886 454 neque
911 393 1015 438 eorum
1037 377 1188 457 locorum,
1214 377 1266 440 ubi

55 462 199 525 ibellum
223 466 336 542 gesturi
359 473 468 544 essent,
487 464 567 543 ralla,
589 471 704 543 portus,
722 464 833 524 insulas
853 467 984 545 novisse3
1007 483 1041 526 ac
1064 465 1152 546 longe
1177 466 1266 528 aliam

91 570 155 612 esse
175 554 390 631 navigationem
413 555 444 612 in
463 551 604 612 concluso
627 554 703 612 mari
726 561 813 630 atque
832 555 863 613 in
883 555 1048 614 vastissimo
1067 561 1158 633 atque
1177 573 1264 635 aper-

54 642 203 701 atissimo
228 639 345 701 Oceano
369 638 596 720 perspiciebant.
643 639 696 700 llis
719 642 800 700 initis
823 640 954 702 consiliis
982 643 1089 722 oppida
1113 646 1264 725 muniunt,

54 728 237 790 strumenta
261 748 297 789 ex
320 731 398 808 agris
422 730 453 788 in
482 727 588 806 oppida
616 737 814 808 comportant,
842 748 931 790 naves
958 731 989 791 in
1016 730 1183 813 Venetiam,
1212 731 1265 793 ubi

90 814 245 878 Caesarem
274 820 404 897 primum
435 833 501 876 esse
532 814 641 875 bellum
672 825 826 894 gesturum
857 817 1024 899 constabat,
1052 837 1141 898 quam
1171 820 1265 900 pluri·

37 918 70 967 10
91 924 152 966 mas
184 913 321 986 possunt,
354 913 472 983 cogunt.
528 904 630 964 Socios
663 904 720 964 sibi
752 905 787 964 ad
819 905 849 966 id
883 905 994 968 bellum
1025 905 1174 990 Osismos,
1211 907 1265 970 Le-

89 996 206 1074 xovios,
234 993 407 1072 Namnetes,
435 992 620 1072 Ambiliatos,
648 992 793 1067 Morinos,
822 993 998 1075 Diablintes,
1027 995 1179 1075 Menapios
1214 998 1264 1058 ad·

89 1085 233 1161 sciscunt3
258 1081 363 1141 auxilia
387 1100 423 1140 ex
444 1081 604 1161 Britannia,
628 1099 703 1160 quae
727 1091 831 1142 contra
854 1100 903 1142 eas
927 1085 1064 1162 regiones
1087 1087 1185 1164 posita
1209 1095 1265 1162 est,

88 1178 251 1230 arcessunt.
1143 1172 1149 1182 '

180 1255 229 1318 10.
252 1257 344 1318 Erant
366 1258 421 1318 hae
444 1258 633 1319 difficultates
656 1257 726 1318 belli
756 1259 891 1337 gerendi,
921 1277 993 1338 quas
1018 1277 1107 1340 supra
1131 1264 1265 1325 ostendi-

53 1357 69 1407 2
89 1364 164 1426 mac,
188 1346 240 1406 sed
265 1345 355 1407 multa
378 1347 534 1408 Caesarem
557 1355 656 1407 tamen
680 1347 715 1406 ad
739 1346 769 1407 id
798 1346 909 1408 bellum
931 1346 1106 1410 incitabant:
1134 1351 1266 1415 iniuriae

88 1441 273 1495 retentorum
306 1438 441 1513 equitum
468 1436 682 1515 Romanorum,
716 1434 838 1495 rebellio
872 1436 949 1496 iacta
976 1442 1044 1515 post
1071 1436 1268 1522 deditionem,

89 1522 216 1584 deiectio
240 1523 314 1584 datis
338 1524 500 1604 obsidibus,
523 1532 568 1584 tot
591 1526 744 1584 civitatum
767 1526 941 1605 coniuratio,
966 1526 1121 1607 imprimis,
1145 1545 1183 1588 ne
1208 1527 1267 1589 hac

88 1620 172 1692 parte
205 1612 338 1692 neglecta
376 1613 506 1692 reliquae
539 1613 674 1673 nationes
708 1612 765 1673 sibi
801 1613 880 1673 idem
911 1612 1001 1674 licere
1034 1613 1268 1678 arbitrarentur.

54 1713 69 1762 ³
90 1699 191 1779 ltaque
215 1720 283 1762 cunr
306 1698 491 1781 intellegeret
514 1717 618 1760 omnes
646 1700 709 1760 lere
733 1700 831 1762 Gallos
859 1703 944 1762 novis
972 1700 1062 1762 rebus
1086 1702 1211 1765 studere
1237 1714 1269 1767 et

88 1789 124 1849 ad
155 1789 264 1850 bellum
292 1789 441 1850 mobiliter
469 1788 667 1867 celeriterque
700 1791 836 1871 excitari,
863 1807 967 1850 omnes
996 1796 1095 1851 autem
1127 1791 1269 1856 homines

89 1887 193 1940 natura
216 1877 346 1940 libertati
369 1878 488 1939 studere
509 1885 539 1937 et
562 1877 767 1937 condicionem
787 1880 938 1939 servitutis
957 1877 1065 1959 odisse,
1087 1881 1269 1960 priusquam

88 1967 188 2047 plures
212 1970 345 2029 civitates
369 1968 589 2047 conspirarent,
612 1966 801 2044 partiendum
828 1965 885 2026 sibi
908 1984 941 2027 ac
965 1966 1052 2027 latius
1080 1966 1268 2032 distribuen-

88 2056 159 2118 dum
183 2058 347 2119 exercitum
370 2056 492 2137 putavit.

88 2245 308 2300 facultatem:
331 2244 400 2298 iiber
418 2241 463 2297 die
482 2241 647 2312 Bedeutung
700 2243 779 2297 recht
801 2241 968 2298 hemerlrbar
990 2261 1024 2297 zu
1047 2243 1179 2312 mechom
1205 2262 1269 2301 ver-

89 2334 109 2370 s.
141 2322 169 2384 1,
193 2321 236 2370 38.
265 2347 298 2355 -
328 2329 441 2368 eorum
469 2342 503 2354 -
531 2316 647 2368 essent
720 2312 809 2368 leiche
847 2319 876 2380 t,
911 2318 952 2368 10.
1010 2315 1067 2368 Aut
1099 2314 1270 2372 demaelben

88 2387 178 2441 iibens.
192 2387 266 2440 nach
284 2392 310 2453 2,
324 2389 358 2439 35
367 2402 411 2438 uu
428 2381 472 2438 his
491 2383 560 2438 locis
578 2385 646 2450 etc.;
700 2330 812 2438 drunde
827 2384 902 2438 steht
916 2399 945 2438 es
960 2389 987 2452 t,
1001 2389 1035 2439 ³5
1049 2400 1087 2441 an
1106 2384 1158 2441 der
1169 2388 1269 2443 emten

91 2457 164 2511 doch
177 2457 281 2511 drticke
292 2455 364 2510 auch
374 2453 423 2509 das
438 2453 545 2523 gesturi
553 2456 649 2509 essent
702 2453 801 2519 Stella,
830 2454 916 2523 vergl.
946 2453 1022 2509 disse
1051 2455 1146 2511 Stella.
1175 2487 1211 2497 —
1239 2463 1268 2515 2.

88 2527 118 2581 in
132 2526 401 2595 derUebersetznng
414 2542 474 2580 aus.
486 2556 517 2565 -
529 2531 552 2579 t.
568 2540 647 2579 con·
700 2524 848 2579 iniuriae
871 2526 1084 2580 retentorum
1107 2526 1268 2595 equitum

89 2598 183 2653 cluso
198 2596 294 2650 mari:
311 2596 501 2664 Binnenmeer,
515 2612 545 2649 er
559 2595 648 2650 meint
701 2595 748 2649 tt:
772 2594 821 2649 das
843 2595 873 2649 in
896 2596 961 2651 dem
984 2595 1193 2653 Zuritckhalten
1216 2598 1268 2654 der

88 2670 139 2724 das
166 2666 403 2722 mittellandische
427 2666 510 2721 Meet.
536 2697 569 2706 -
597 2667 647 2720 at·
702 2672 770 2720 rom.
798 2664 890 2720 Ritter
923 2666 1093 2722 beatehende
1125 2666 1267 2738 Unrecht;

89 2755 154 2809 que
172 2739 207 2792 in
225 2737 438 2820 vastissimo:
457 2737 547 2820 dieses
561 2738 648 2806 atque
703 2736 753 2790 der
771 2735 884 2791 Genitiv
904 2737 930 2792 d.
950 2735 1084 2815 Particip.
1097 2737 1170 2821 Part
1188 2756 1265 2810 pass.

89 2809 275 2935 tractat
292 2807 648 2949 attrectant}
702 2806 827 2932 att
840 2806 1267 2960 ltttttlalfflaiffihtt

91 2957 119 3020 1,
138 2956 172 3005 28
191 2969 225 3005 au
247 2967 344 3020 parem
367 2952 461 3019 atque.
480 2981 513 2990 -
539 2955 563 3004 8.
587 2947 648 3003 His
703 2947 951 3018 Sprachgebrauch
960 2949 1030 3004 wrrd
1040 2949 1165 3009 deutlich
1173 2950 1267 3008 durch

89 3021 191 3077 initis
206 3021 377 3077 consiliis:
391 3021 528 3076 nachdem
538 3020 578 3074 sie
588 3019 647 3073 dies
702 3019 764 3074 eine
783 3019 885 3074 andere
905 3019 991 3074 Stella
1010 3018 1070 3076 Liv.
1089 3026 1120 3088 4,
1138 3026 1187 3082 aaz
1206 3039 1266 3079 sce·

89 3093 136 3147 hei
149 3091 209 3146 sich
224 3108 354 3160 erwogen
367 3092 480 3159 hatten,
495 3090 563 3146 oder
576 3089 649 3145 nach
702 3089 746 3143 lus
770 3089 927 3159 legatorum
950 3091 1048 3146 contm
1068 3090 1113 3146 ius
1134 3092 1267 3163 gentium

89 3162 180 3217 dieser
211 3162 353 3217 reifiichen
380 3162 585 3244 Ueherlegung.
614 3191 648 3202 -
702 3159 921 3227 interfectorum,
935 3160 1183 3230 dnsVerbrechem
1197 3164 1267 3219 wel-

113 3233 236 3288 rimum
254 3250 340 3287 esse:
360 3233 406 3287 die
424 3233 469 3288 W.
479 3232 511 3286 A.
526 3249 649 3301 ptumum
703 3231 769 3285 ches
795 3230 826 3284 in
854 3231 902 3285 der
929 3229 1107 3303 llrmordung
1133 3232 1265 3292 mutand.

89 3252 196 3359 bellum
215 3306 367 3374 gesturum.
393 3334 425 3342 -
450 3303 648 3358 constabat:
703 3301 760 3356 Der
782 3301 879 3355 Plural
905 3301 1024 3358 iniuriae
1047 3305 1170 3373 gasaht,
1198 3304 1268 3361 weil

90 3374 241 3444 allgemein
254 3374 388 3440 bekannt,
403 3373 570 3443 allgemeine
580 3373 648 3427 Mei·
703 3372 754 3426 das
768 3372 892 3426 Unrecht
905 3390 961 3428 von
974 3373 1121 3438 mehreren
1135 3372 1266 3432 vothem

90 3464 167 3516 nung
186 3462 249 3502 war.
270 3477 304 3485 -
324 3447 453 3500 contra:
479 3444 648 3515 gegenrtber.
703 3441 805 3498 verttbt
831 3459 896 3498 war.
938 3443 989 3499 Die
1012 3444 1121 3514 equites
1143 3438 1269 3503 minati

703 3512 766 3569 sind
785 3512 830 3568 die
849 3513 922 3569 oben
940 3531 963 3570 c.
984 3521 999 3569 'l
1019 3515 1182 3571 erwbhnten
1200 3516 1267 3573 Τή-

127 3587 193 3656 Cap.
223 3593 264 3642 10.
296 3594 318 3642 1.
348 3587 465 3641 Erant:
497 3586 561 3640 dass
589 3584 649 3639 dies
701 3585 803 3640 bunen.
846 3584 927 3639 Denn
958 3584 1035 3641 ‹liese
1066 3587 1180 3643 wurden
1212 3604 1267 3645 aua

91 3659 174 3713 Wort
196 3677 231 3712 zu
252 3659 375 3713 betonen
396 3658 444 3725 ist,
469 3656 545 3727 aeigt
563 3656 650 3711 schon
703 3655 766 3710 dem
780 3654 972 3711 Ritterstande
991 3657 1117 3728 geuthlt
1132 3657 1201 3714 oder
1217 3659 1268 3716 ihr

91 3729 167 3784 seine
186 3729 328 3799 Stellung;
352 3745 381 3783 ea
400 3727 470 3783 wird
492 3727 551 3782 dies
570 3726 650 3781 recht
703 3728 771 3782 Amt
788 3728 845 3796 gab
863 3727 949 3782 ihnen
966 3728 1021 3783 den
1034 3729 1116 3800 Raug
1134 3728 1267 3786 deruit

92 3799 218 3854 deutlich
249 3800 338 3854 durch
364 3797 564 3868 Hinnuffigung
595 3812 650 3851 von
703 3800 753 3852 ter.
773 3829 808 3838 -
825 3798 991 3854 rebellio:
1013 3799 1195 3870 Emeuerung
1214 3801 1267 3858 des

92 3871 265 3939 „winklich“.
302 3871 379 3939 Ftige
402 3887 459 3923 nun
485 3867 546 3923 dies
569 3868 650 3922 Wort
703 3868 826 3938 Krieges.
853 3899 885 3908 -
911 3869 1017 3925 facta:
1041 3889 1061 3925 s.
1082 3877 1113 3939 1,
1131 3876 1147 3926 2
1166 3889 1202 3926 au
1220 3872 1267 3928 in-

91 3942 182 3997 denen
204 3941 301 4008 hinnu,
327 3941 373 3995 die
397 3947 425 4007 3,
451 3945 467 3993 2
491 3959 525 3994 zu
548 3937 650 4004 subite,
704 3939 811 3994 ductus.
831 3970 866 3979 -
888 3940 950 3995 hac
969 3944 1067 4011 parte
1085 3940 1266 4013 neglecta:

92 4019 122 4081 2,
142 4019 175 4067 tt
200 4031 234 4066 au
256 4029 391 4081 magnum
410 4010 547 4080 spatium,
566 4015 595 4077 2,
615 4014 648 4063 21
704 4026 783 4079 pars,
807 4009 871 4063 weil
893 4010 958 4065 dem
985 4013 1109 4082 reliquae
1132 4010 1267 4072 nationes

92 4102 126 4137 au
148 4083 338 4153 pugnantibus
356 4082 414 4136 und
436 4081 465 4135 in
485 4079 650 4152 quaerendis
705 4082 845 4149 entgegen
866 4085 966 4151 esetat,
989 4099 1054 4138 vom
1072 4084 1267 4156 Landosthoil,

92 4153 649 4226 suisangegebensiud.-supra=c.
704 4098 878 4232 Laudatricdr.
914 4183 947 4192 —
985 4159 1010 4209 3.
1046 4154 1267 4213 mobiliter:

92 4231 108 4279 9
131 4241 186 4280 von
214 4225 355 4294 pedestria
376 4255 410 4266 -
434 4222 650 4294 perspiciebant.
704 4221 1040 4288 lercht,m1ttadelndem
1053 4224 1265 4298 Nebenbegriffi

91 4326 127 4337 -
144 4297 258 4350 tamen
275 4295 531 4351 hemerkenswerth
550 4309 587 4347 an
605 4290 651 4346 die
706 4320 739 4330 -
762 4290 868 4345 latius
891 4293 1179 4352 distribuendum:
1205 4297 1266 4356 dia·

86 4365 175 4420 rierte
192 4365 284 4421 Stella
304 4366 435 4437 gestellt,
461 4365 530 4421 eben
548 4381 596 4419 um
621 4379 650 4416 es
704 4361 816 4418 lociren.
