2804 4778
506 242 573 297 LIB.
592 243 639 297 Ill.
668 243 745 298 CAP.
766 248 879 298 12-14.
1233 243 1275 308 87

101 427 161 488 que
190 409 321 467 tenuiter
349 408 515 489 coniectae,
544 408 599 468 hae
628 410 689 468 sive
712 416 835 488 propter
863 409 916 468 lini
944 410 1073 488 inopiam
1099 419 1187 488 atque
1211 413 1311 472 eiust

102 515 176 556 usus
199 497 394 576 inscientiam,
417 498 478 556 sive
503 514 553 577 eo,
582 496 660 575 quod
686 505 731 557 est
754 499 846 575 magis
874 496 1046 577 verisimile,
1077 498 1156 576 quod
1179 506 1276 559 tantas

103 592 296 662 tempestates
320 582 429 644 Oceani
454 591 611 662 tantosque
635 587 764 664 impetus
788 593 945 645 ventorum
974 587 1116 646 sustineri
1139 604 1172 646 ac
1195 595 1277 647 tanta

103 690 193 731 onera
222 674 340 732 navium
369 675 432 750 regi
460 673 532 733 velis
560 691 620 733 non
648 675 720 734 satis
750 673 903 734 commode
931 691 1019 752 posse
1047 672 1275 735 arbitrabantur.

104 760 178 821 Cum
201 760 248 820 his
271 759 394 820 navibus
423 769 542 821 nostrae
571 761 657 821 classi
684 761 830 821 eiusmodi
854 779 1032 839 congressus
1056 772 1132 843 erat,
1161 772 1195 823 ut
1217 777 1311 826 unat

99 848 254 908 celeritate
274 857 304 908 et
326 848 415 927 pulsu
434 867 586 909 remorum
603 857 776 929 praestaret,
796 849 910 927 reliqna
934 868 987 928 pro
1007 849 1064 910 loci
1087 859 1201 932 natura,
1219 871 1275 931 pro

102 938 130 996 vi
149 944 359 1015 tempestatum
381 936 439 997 illis
460 947 560 998 essent
582 941 696 1017 aptiora
715 947 745 998 et
764 937 1036 999 accommodatiora.
1074 938 1176 1017 Neque
1197 943 1275 1000 enim
1295 955 1311 1004 8

101 1024 148 1084 his
179 1032 298 1085 nostrae
326 1034 425 1086 rostro
457 1043 566 1086 nocere
593 1034 732 1105 poterant
762 1020 857 1108 (tanta
885 1028 915 1086 in
945 1028 982 1086 iis
1009 1034 1072 1087 erat
1100 1023 1275 1110 firmitudo),

102 1131 200 1191 neque
230 1122 352 1192 propter
380 1111 564 1174 altitudinem
593 1113 678 1174 facile
706 1114 798 1175 telum
826 1113 1022 1194 adiciebatur,
1051 1123 1080 1175 et
1108 1116 1210 1176 eadem
1239 1116 1276 1176 de

98 1219 191 1261 causa
213 1204 312 1261 minus
336 1201 489 1262 commode
513 1202 627 1281 copulis
651 1202 888 1263 continebantur.
934 1201 1115 1283 Accedebat,
1138 1213 1181 1285 ut,
1207 1221 1310 1270 cume

98 1292 215 1349 saevire
238 1298 345 1350 ventus
370 1293 517 1370 coepisset
536 1300 566 1351 et
590 1309 620 1350 se
645 1298 732 1351 vento
751 1291 912 1373 dedissent,
936 1299 966 1351 et
987 1300 1195 1370 tempestatem
1218 1293 1275 1353 ler-

101 1386 170 1438 rent
198 1378 312 1438 facilius
343 1386 373 1438 et
399 1381 430 1438 in
458 1378 540 1438 vadis
571 1381 770 1440 consisterent
797 1383 891 1440 tutius
921 1387 950 1439 et
978 1378 1014 1439 ab
1043 1388 1127 1440 aestu
1155 1379 1275 1441 relictae

102 1464 175 1525 nihil
199 1484 267 1526 saxa
291 1476 321 1527 et
344 1475 446 1527 cautes
469 1470 622 1548 timerent3
647 1486 773 1546 quarum
796 1486 898 1528 rerum
929 1470 1061 1528 omnium
1091 1471 1201 1529 nostris
1225 1488 1275 1529 na-

99 1553 187 1614 vibus
211 1573 297 1615 casus
321 1563 385 1616 el'di
409 1555 656 1618 extimescessdlls.

195 1658 243 1721 14.
277 1660 486 1741 Compluribus
527 1663 701 1741 expugnatis
738 1661 854 1742 oppidis
891 1661 1011 1742 Caesar,
1048 1661 1099 1722 ubi
1131 1662 1276 1725 intellexit

103 1749 216 1809 frustra
239 1757 353 1811 tantum
377 1750 509 1810 laborem
533 1753 624 1830 sumi,
648 1769 744 1829 neque
768 1750 898 1811 bostium
921 1750 1020 1828 lugam
1044 1754 1136 1831 captis
1160 1751 1276 1832 oppidis

101 1839 225 1916 reprimi
243 1856 341 1916 neque
364 1840 400 1898 iis
420 1841 523 1898 noceri
545 1857 643 1918 posse,
661 1840 765 1899 statuit
784 1837 1010 1917 exspectandam
1030 1838 1162 1899 classem.
1193 1839 1274 1911 Quae
1294 1857 1310 1908 e

100 1924 153 1985 ubi
176 1928 313 1987 convenit
336 1943 369 1986 ac
392 1929 523 2006 primum
541 1926 578 1985 ab
602 1925 737 1986 hostibus
760 1928 821 1985 visa
845 1934 899 2007 est,
921 1927 1041 2009 circiter
1060 1925 1162 1987 CCXX
1185 1946 1275 1988 naves

99 2131 198 2186 heder.
210 2161 243 2169 -
261 2131 336 2184 hae:
355 2130 395 2183 im
413 2129 572 2184 Deutscben
590 2129 661 2183 wird

98 2202 151 2254 der
168 2199 361 2258 Dentlichkeit
381 2200 480 2254 halber
500 2199 576 2253 wohl
598 2201 661 2253 eine

100 2269 421 2339 Verbindungspartikel
457 2270 661 2339 binauzuldgen

100 2342 173 2407 sein,
211 2339 256 2395 die
288 2341 360 2394 auch
393 2340 432 2394 im
464 2339 661 2395 Lateiuischan

715 2128 851 2182 struction
865 2147 886 2183 s.
897 2135 947 2183 aa
962 2147 995 2182 zu
1014 2130 1172 2198 accedebat,
1192 2132 1275 2200 quod.

716 2229 749 2238 —
768 2199 826 2252 llas
841 2198 983 2254 dreifache
1002 2205 1036 2255 et
1054 2201 1143 2256 bietet
1156 2201 1201 2256 ain
1215 2201 1276 2257 Bei-

715 2269 786 2338 spiel
805 2269 909 2324 woldr?
931 2303 962 2310 —
982 2288 1017 2326 se
1035 2273 1137 2326 vento
1156 2272 1275 2327 dedis-

715 2343 804 2395 sent:
829 2357 927 2409 „wana
950 2341 989 2395 sie
1012 2360 1062 2397 vor
1085 2343 1149 2397 dem
1174 2343 1276 2398 Winde
1329 2342 1332 2348 '

102 2411 339 2477 steheukdnnte,
360 2410 414 2480 vgl.
435 2417 526 2479 o,15:
552 2412 661 2466 duabus
713 2411 839 2467 idhren“.
877 2412 969 2466 Ueber
992 2416 1077 2468 vento
1101 2415 1171 2468 statt
1199 2415 1274 2469 eines

97 2482 194 2537 missis
218 2481 341 2536 subsidio
371 2481 531 2536 cohortibus
553 2499 570 2535 a
593 2483 660 2538 Cae·
713 2483 796 2536 Pron.
822 2500 843 2537 s.
862 2488 893 2550 2,
914 2488 946 2537 19
969 2484 1055 2538 auin
1078 2485 1216 2540 silvas-
1242 2502 1276 2540 ex

101 2570 175 2622 sare,
200 2555 304 2622 atque
329 2553 373 2606 his
396 2552 493 2621 primis
517 2552 661 2623 legionum

98 2625 226 2679 duarum.
247 2654 279 2663 -
299 2622 371 2678 eius
390 2623 416 2678 d.
435 2623 453 2678 i.
473 2622 536 2677 lini:
562 2641 661 2679 wovon

100 2696 191 2766 hdugt
214 2694 273 2749 eius
292 2694 346 2749 ab?
384 2693 457 2748 Oder
475 2693 535 2749 eius
553 2694 592 2749 ist
609 2696 662 2750 mit

100 2785 166 2821 usus
185 2766 257 2820 nach
281 2766 371 2819 einem
393 2764 479 2820 diters
499 2766 662 2820 erwdhnten

101 2836 351 2907 Sprachgebraucb
379 2853 412 2890 au
439 2836 600 2891 verbinden.
627 2867 660 2876 -

98 2915 125 2963 ⁴l.
141 2923 358 2976 congressus:
373 2905 498 2961 nitmlieh
513 2906 558 2961 ein
572 2907 661 2962 feind·

102 2979 204 3045 liches;
228 2977 319 3031 iibere.
343 2976 431 3030 durch
455 2977 501 3031 ein
521 2976 661 3032 Zeitwort.

101 3080 134 3088 —
158 3047 307 3116 reliqua:
332 3047 380 3102 das
404 3046 581 3101 Verhtltniss
604 3047 661 3102 die-

99 3137 143 3174 ses
162 3118 257 3173 Sataes
275 3136 340 3172 aum
359 3118 606 3187 vorhergehenden
623 3118 663 3172 ist

99 3192 215 3245 kisa-
231 3205 304 3259 pro:
324 3206 344 3244 s.
366 3195 390 3256 1,
410 3194 425 3242 2
445 3206 479 3243 au
497 3204 548 3258 pro
566 3188 661 3244 multi·

98 3261 207 3317 tudine.
222 3291 255 3302 -
272 3259 360 3314 illis:
380 3258 425 3314 bei
439 3258 506 3314 oder
519 3276 555 3313 an
566 3259 660 3329 J'enen.

101 3365 135 3373 -
169 3338 193 3386 8.
226 3329 336 3385 facile
365 3361 397 3369 -
427 3328 660 3385 adiciebatur:

99 3403 209 3458 anstatt
231 3401 279 3455 des
299 3400 435 3470 Supinum
461 3401 512 3454 auf
532 3419 551 3454 ιι
572 3401 662 3456 neben

102 3473 268 3542 Adjectiven
294 3471 384 3538 kann,
412 3470 465 3524 wie
490 3470 564 3538 hier,
589 3472 661 3527 auch

100 3545 152 3600 das
176 3543 294 3597 Adrerb.
318 3558 384 3597 vom
402 3541 581 3611 Adjeetivum
603 3542 661 3596 und

102 3616 153 3669 das
170 3613 293 3668 Verbum
315 3611 385 3666 finit.
409 3614 518 3682 gesetzt
540 3612 661 3681 werden,

100 3687 191 3739 iibens.
212 3683 278 3737 aber
296 3684 368 3737 nach
388 3683 436 3737 der
455 3686 577 3738 ersteren
590 3683 660 3737 Aus-

102 3753 301 3822 druclrsweis03
312 3753 374 3808 eine
381 3752 661 3808 anderedusdrucks-

102 3827 185 3882 weise
204 3825 248 3880 fiir
267 3825 316 3879 das
331 3824 467 3894 Supinum
482 3824 533 3878 auf
549 3843 567 3878 u
586 3825 663 3879 steht

102 3905 133 3967 2,
154 3904 201 3953 33:
226 3895 327 3951 arduus
352 3911 481 3950 ascensus
505 3895 661 3950 videbatur.

103 4000 136 4008 —-
170 3966 322 4037 copulis:
359 3966 475 4036 copulae
508 3965 661 4037 cigentlich

101 4038 297 4106 Bindemittel,
326 4037 386 4090 bier
412 4036 551 4091 Werkaeu
599 4055 662 4091 aum

101 4111 207 4165 Entern
240 4109 289 4163 der
322 4106 436 4176 Schiffe,
470 4056 661 4175 Entarlraken,

103 4183 180 4236 sonst
208 4180 395 4249 harpagones,
423 4194 523 4232 manus
546 4178 661 4233 ferreae.

101 4253 233 4305 Iudessen
248 4250 324 4304 steht
338 4248 382 4303 die
393 4249 493 4304 Lesart
507 4248 586 4304 nicht
599 4249 661 4304 fest.

101 4323 168 4377 Man
186 4320 347 4376 vermutbet
366 4318 448 4373 dafiir
466 4321 564 4374 eorvis.
584 4351 618 4359 -
637 4326 662 4374 9.

102 4393 312 4459 Accedebat,
340 4393 389 4444 ut:
423 4391 492 4445 iiber
519 4391 564 4445 die
592 4389 662 4444 Con-

715 2544 1043 2610 silva-tutiusrweil
1053 2554 1098 2609 die
1106 2555 1215 2611 carinae
1224 2555 1275 2610 ali·

715 2623 1274 2693 quantoplaniores.-nibil:s.1,40,12.

715 2694 938 2748 -timerant:
954 2712 974 2749 s.
987 2701 1010 2762 1,
1024 2702 1039 2749 6
1054 2713 1088 2749 au
1101 2695 1274 2750 ducerentur.

714 2764 1276 2830 UeberdenGrund,warumsienichtsau

714 2833 1274 2903 inrehtenbrauehten,siehe0bennaves
1326 2895 1329 2902 ,

715 2906 792 2959 totae
808 2905 899 2959 laetae
914 2921 948 2958 ex
961 2906 1068 2960 robore.
1083 2937 1117 2945 —
1132 2922 1275 2975 quarum

716 3007 750 3015 -
761 2992 873 3030 casus:
884 2975 939 3030 alle
945 2975 1057 3030 Unidlls
1068 2976 1185 3044 derint,
1196 2993 1275 3032 casus

716 3046 766 3100 der
774 3045 849 3115 Sing.
864 3045 922 3100 bez.
934 3046 988 3100 den
1003 3048 1193 3170 uupdnstigen
1201 3046 1273 3115 nau,
1314 3053 1318 3057 ’

716 3116 770 3172 den
788 3115 897 3184 Unfall‚
916 3117 966 3171 das
985 3117 1048 3185 ng
1062 3117 1122 3172 iiclr.

751 3187 818 3256 Cap.
848 3194 889 3242 14.
919 3195 943 3241 1.
973 3187 1213 3258 Compluribus
1241 3219 1274 3228 -

715 3258 773 3312 ubi
797 3258 889 3312 iibens.
912 3259 986 3313 nach
1013 3265 1090 3327 1,1e
1116 3278 1149 3313 zu
1173 3260 1274 3329 quibus

714 3329 798 3384 rebus
817 3328 951 3398 cognitis,
971 3329 1275 3401 oderdbs.'compluri·

715 3399 767 3454 bus
785 3431 819 3439 —
846 3398 956 3469 oppidis
979 3399 1021 3455 al's
1039 3400 1193 3471 Hauptsata
1217 3402 1275 3455 und

714 3469 795 3540 stige,
814 3470 850 3524 da
868 3470 918 3525 der
932 3471 997 3526 Sata
1011 3471 1151 3526 concessiv
1170 3472 1275 3542 gelasst

715 3541 827 3596 werden
854 3559 942 3609 muss,
970 3545 1079 3610 „zwar“
1107 3543 1191 3596 hinau
1217 3543 1275 3596 und

715 3612 794 3666 fabre
818 3611 871 3665 mit
899 3612 948 3666 der
970 3613 1126 3681 passanden
1148 3612 1275 3666 Partikel

715 3682 780 3737 fort.
804 3712 837 3722 -—
862 3684 1084 3752 expugnatis:
1108 3700 1213 3737 warum
1237 3682 1276 3736 ist

716 3753 884 3824 expugnatis
902 3772 953 3809 vor
967 3753 1078 3823 oppidis
1091 3752 1225 3823 gestellt?
1240 3782 1274 3791 —

716 3825 802 3949 antini
817 3855 853 3948 —h
868 3825 1059 3894 reprimi-
1078 3822 1196 3946 noceeri
1206 3821 1273 3947 eitbn.

716 3911 969 3950 acrmsc.-ne
998 3911 1129 3948 ne-n
1182 3911 1201 3946 ιι
1240 3923 1274 3932 -

715 3982 829 4035 posse:
858 3965 897 4021 ist
922 3913 1083 4035 Erkidmg
1110 3911 1275 4017 auqirustra

716 4037 800 4092 sumi:
819 4037 883 4091 dass
901 4034 1025 4089 ndmlicb
1042 4034 1135 4088 weder
1152 4052 1178 4088 u.
1200 4051 1220 4087 s.
1239 4051 1273 4088 w.

716 4124 806 4176 neque
824 4108 862 4161 iat
879 4106 967 4159 daher
978 4105 1058 4159 nieht
1071 4104 1199 4174 augleich
1214 4121 1274 4158 ver-

716 4177 839 4232 bindend
858 4194 884 4231 u.
900 4175 1056 4230 correlatir.
1077 4207 1107 4214 —
1128 4176 1274 4229 tantum:

716 4247 769 4300 wie
794 4264 873 4318 gross
897 4245 937 4300 sie
960 4245 1060 4316 ndthig
1084 4263 1142 4300 war
1160 4246 1232 4300 nach
1250 4263 1273 4300 c.

718 4324 760 4377 12.
789 4349 820 4356 —
851 4317 1010 4372 classem:
1044 4317 1117 4371 nach
1143 4317 1274 4387 gewdhn·

716 4387 1297 4444 licharbunabmaistdiesebeesdnhadma
