<?xml version="1.0" encoding="UTF-8"?>
<!DOCTYPE html PUBLIC "-//W3C//DTD XHTML 1.0 Transitional//EN"
    "http://www.w3.org/TR/xhtml1/DTD/xhtml1-transitional.dtd">
<html xmlns="http://www.w3.org/1999/xhtml" xml:lang="en" lang="en">
 <head>
  <title>
</title>
<meta http-equiv="Content-Type" content="text/html;charset=utf-8" />
  <meta name='ocr-system' content='tesseract 3.04.00' />
  <meta name='ocr-capabilities' content='ocr_page ocr_carea ocr_par ocr_line ocrx_word'/>
</head>
<body>
  <div class='ocr_page' id='page_1' title='image "./ciuliicaesarisc00dobegoog_0310.png"; bbox 0 0 2804 4778; ppageno 0'>
   <div class='ocr_carea' id='block_1_1' title="bbox 186 207 957 294">
    <p class='ocr_par' dir='ltr' id='par_1_1' title="bbox 186 207 957 294">
     <span class='ocr_line' id='line_1_1' title="bbox 186 207 957 294; baseline -0.014 -19"><span class='ocrx_word' id='word_1_1' title='bbox 186 210 252 294; x_wconf 76' lang='lat'><strong>288</strong></span> <span class='ocrx_word' id='word_1_2' title='bbox 593 208 779 264; x_wconf 82' lang='grc'><strong>3333333</strong></span> <span class='ocrx_word' id='word_1_3' title='bbox 799 207 957 264; x_wconf 73' lang='lat' dir='ltr'><strong>eunuco</strong></span> 
     </span>
    </p>
   </div>
   <div class='ocr_carea' id='block_1_2' title="bbox 83 374 1401 3291">
    <p class='ocr_par' dir='ltr' id='par_1_2' title="bbox 149 374 1377 988">
     <span class='ocr_line' id='line_1_2' title="bbox 149 374 1361 458; baseline -0.002 -20"><span class='ocrx_word' id='word_1_4' title='bbox 149 389 166 438; x_wconf 81' lang='lat'><strong>3</strong></span> <span class='ocrx_word' id='word_1_5' title='bbox 185 378 288 458; x_wconf 89' lang='lat' dir='ltr'><strong>paucis</strong></span> <span class='ocrx_word' id='word_1_6' title='bbox 311 376 416 437; x_wconf 91' lang='lat' dir='ltr'><strong>diebus</strong></span> <span class='ocrx_word' id='word_1_7' title='bbox 439 374 505 436; x_wconf 90' lang='lat' dir='ltr'><strong>cibo</strong></span> <span class='ocrx_word' id='word_1_8' title='bbox 525 393 556 435; x_wconf 91' lang='lat' dir='ltr'><strong>se</strong></span> <span class='ocrx_word' id='word_1_9' title='bbox 580 374 723 437; x_wconf 83' lang='lat' dir='ltr'><strong>abstinuit</strong></span> <span class='ocrx_word' id='word_1_10' title='bbox 744 383 832 454; x_wconf 91' lang='lat' dir='ltr'><strong>atque</strong></span> <span class='ocrx_word' id='word_1_11' title='bbox 856 377 896 434; x_wconf 94' lang='lat' dir='ltr'><strong>ita</strong></span> <span class='ocrx_word' id='word_1_12' title='bbox 918 375 1041 435; x_wconf 91' lang='lat' dir='ltr'><strong>interiit.</strong></span> <span class='ocrx_word' id='word_1_13' title='bbox 1086 374 1201 434; x_wconf 89' lang='lat' dir='ltr'><strong>Eodem</strong></span> <span class='ocrx_word' id='word_1_14' title='bbox 1224 384 1361 455; x_wconf 91' lang='lat' dir='ltr'><strong>tempore</strong></span> 
     </span>
     <span class='ocr_line' id='line_1_3' title="bbox 186 462 1362 546; baseline -0.002 -20"><span class='ocrx_word' id='word_1_15' title='bbox 186 466 357 546; x_wconf 89' lang='lat' dir='ltr'><strong>Lucterius,</strong></span> <span class='ocrx_word' id='word_1_16' title='bbox 381 481 469 544; x_wconf 91' lang='lat' dir='ltr'><strong>quem</strong></span> <span class='ocrx_word' id='word_1_17' title='bbox 492 463 659 543; x_wconf 82' lang='lat' dir='ltr'><strong>profugisse</strong></span> <span class='ocrx_word' id='word_1_18' title='bbox 684 481 720 524; x_wconf 83' lang='lat' dir='ltr'><strong>ex</strong></span> <span class='ocrx_word' id='word_1_19' title='bbox 742 462 856 544; x_wconf 92' lang='lat' dir='ltr'><strong>proelio</strong></span> <span class='ocrx_word' id='word_1_20' title='bbox 880 465 1003 543; x_wconf 82' lang='lat' dir='ltr'><strong>scripsi,</strong></span> <span class='ocrx_word' id='word_1_21' title='bbox 1029 481 1098 524; x_wconf 91' lang='lat' dir='ltr'><strong>cum</strong></span> <span class='ocrx_word' id='word_1_22' title='bbox 1126 464 1157 523; x_wconf 94' lang='lat' dir='ltr'><strong>in</strong></span> <span class='ocrx_word' id='word_1_23' title='bbox 1179 471 1362 542; x_wconf 87' lang='lat' dir='ltr'><strong>potestatem</strong></span> 
     </span>
     <span class='ocr_line' id='line_1_4' title="bbox 186 545 1363 633; baseline -0.003 -18"><span class='ocrx_word' id='word_1_24' title='bbox 186 557 316 616; x_wconf 88' lang='lat' dir='ltr'><strong>venisset</strong></span> <span class='ocrx_word' id='word_1_25' title='bbox 338 553 497 633; x_wconf 76' lang='lat' dir='ltr'><strong>Epasnacti</strong></span> <span class='ocrx_word' id='word_1_26' title='bbox 510 552 645 632; x_wconf 80' lang='lat' dir='ltr'><strong>Arverni,</strong></span> <span class='ocrx_word' id='word_1_27' title='bbox 668 545 789 632; x_wconf 86' lang='lat' dir='ltr'><strong>(erebro</strong></span> <span class='ocrx_word' id='word_1_28' title='bbox 817 553 897 612; x_wconf 91' lang='lat' dir='ltr'><strong>enim</strong></span> <span class='ocrx_word' id='word_1_29' title='bbox 927 549 1077 612; x_wconf 83' lang='lat' dir='ltr'><strong>mutandis</strong></span> <span class='ocrx_word' id='word_1_30' title='bbox 1099 550 1173 612; x_wconf 87' lang='lat' dir='ltr'><strong>loeis</strong></span> <span class='ocrx_word' id='word_1_31' title='bbox 1196 551 1363 612; x_wconf 90' lang='lat' dir='ltr'><strong>multorum</strong></span> 
     </span>
     <span class='ocr_line' id='line_1_5' title="bbox 187 638 1363 721; baseline -0.003 -18"><span class='ocrx_word' id='word_1_32' title='bbox 187 643 256 704; x_wconf 85' lang='lat' dir='ltr'><strong>fidei</strong></span> <span class='ocrx_word' id='word_1_33' title='bbox 279 661 311 704; x_wconf 87' lang='lat' dir='ltr'><strong>se</strong></span> <span class='ocrx_word' id='word_1_34' title='bbox 335 640 550 721; x_wconf 76' lang='lat' dir='ltr'><strong>committebat,</strong></span> <span class='ocrx_word' id='word_1_35' title='bbox 574 640 654 720; x_wconf 93' lang='lat' dir='ltr'><strong>quod</strong></span> <span class='ocrx_word' id='word_1_36' title='bbox 678 658 825 720; x_wconf 87' lang='lat' dir='ltr'><strong>nusquam</strong></span> <span class='ocrx_word' id='word_1_37' title='bbox 847 639 961 701; x_wconf 91' lang='lat' dir='ltr'><strong>diutins</strong></span> <span class='ocrx_word' id='word_1_38' title='bbox 984 642 1048 700; x_wconf 92' lang='lat' dir='ltr'><strong>sine</strong></span> <span class='ocrx_word' id='word_1_39' title='bbox 1071 638 1207 719; x_wconf 90' lang='lat' dir='ltr'><strong>periculo</strong></span> <span class='ocrx_word' id='word_1_40' title='bbox 1231 658 1363 702; x_wconf 89' lang='lat' dir='ltr'><strong>commo·</strong></span> 
     </span>
     <span class='ocr_line' id='line_1_6' title="bbox 187 727 1365 810; baseline -0.002 -18"><span class='ocrx_word' id='word_1_41' title='bbox 187 739 308 792; x_wconf 89' lang='lat' dir='ltr'><strong>raturus</strong></span> <span class='ocrx_word' id='word_1_42' title='bbox 326 730 491 809; x_wconf 84' lang='lat' dir='ltr'><strong>ridebatur,</strong></span> <span class='ocrx_word' id='word_1_43' title='bbox 515 747 584 790; x_wconf 90' lang='lat' dir='ltr'><strong>eum</strong></span> <span class='ocrx_word' id='word_1_44' title='bbox 603 728 660 790; x_wconf 92' lang='lat' dir='ltr'><strong>sibi</strong></span> <span class='ocrx_word' id='word_1_45' title='bbox 679 732 817 790; x_wconf 91' lang='lat' dir='ltr'><strong>conscius</strong></span> <span class='ocrx_word' id='word_1_46' title='bbox 836 736 926 810; x_wconf 91' lang='lat' dir='ltr'><strong>esset,</strong></span> <span class='ocrx_word' id='word_1_47' title='bbox 949 746 1039 808; x_wconf 88' lang='lat' dir='ltr'><strong>quam</strong></span> <span class='ocrx_word' id='word_1_48' title='bbox 1061 729 1217 788; x_wconf 90' lang='lat' dir='ltr'><strong>inimicum</strong></span> <span class='ocrx_word' id='word_1_49' title='bbox 1239 727 1365 790; x_wconf 88' lang='lat' dir='ltr'><strong>deberet</strong></span> 
     </span>
     <span class='ocr_line' id='line_1_7' title="bbox 187 811 1377 899; baseline -0.003 -18"><span class='ocrx_word' id='word_1_50' title='bbox 187 820 344 881; x_wconf 83' lang='lat' dir='ltr'><strong>Caesarem</strong></span> <span class='ocrx_word' id='word_1_51' title='bbox 367 811 501 899; x_wconf 71' lang='lat' dir='ltr'><strong>habere)</strong></span> <span class='ocrx_word' id='word_1_52' title='bbox 535 818 615 879; x_wconf 91' lang='lat' dir='ltr'><strong>hunc</strong></span> <span class='ocrx_word' id='word_1_53' title='bbox 638 815 823 898; x_wconf 83' lang='lat' dir='ltr'><strong>Epasnactus</strong></span> <span class='ocrx_word' id='word_1_54' title='bbox 846 817 1012 898; x_wconf 77' lang='lat' dir='ltr'><strong>Arvernus,</strong></span> <span class='ocrx_word' id='word_1_55' title='bbox 1041 818 1240 879; x_wconf 89' lang='lat' dir='ltr'><strong>amicissimus</strong></span> <span class='ocrx_word' id='word_1_56' title='bbox 1261 818 1377 897; x_wconf 90' lang='grc'><strong>333311-</strong></span> 
     </span>
     <span class='ocr_line' id='line_1_8' title="bbox 189 904 1251 988; baseline -0.003 -19"><span class='ocrx_word' id='word_1_57' title='bbox 189 908 323 988; x_wconf 86' lang='lat' dir='ltr'><strong>Romani,</strong></span> <span class='ocrx_word' id='word_1_58' title='bbox 346 911 410 968; x_wconf 92' lang='lat' dir='ltr'><strong>sine</strong></span> <span class='ocrx_word' id='word_1_59' title='bbox 434 907 618 969; x_wconf 83' lang='lat' dir='ltr'><strong>dubitatione</strong></span> <span class='ocrx_word' id='word_1_60' title='bbox 641 907 700 970; x_wconf 96' lang='grc'><strong>3113</strong></span> <span class='ocrx_word' id='word_1_61' title='bbox 724 909 855 968; x_wconf 87' lang='lat' dir='ltr'><strong>vinetum</strong></span> <span class='ocrx_word' id='word_1_62' title='bbox 879 905 916 966; x_wconf 91' lang='lat' dir='ltr'><strong>ad</strong></span> <span class='ocrx_word' id='word_1_63' title='bbox 939 905 1095 966; x_wconf 85' lang='lat' dir='ltr'><strong>Caesarem</strong></span> <span class='ocrx_word' id='word_1_64' title='bbox 1119 904 1251 967; x_wconf 84' lang='lat' dir='ltr'><strong>deduxit.</strong></span> 
     </span>
    </p>

    <p class='ocr_par' dir='ltr' id='par_1_3' title="bbox 188 993 1366 1254">
     <span class='ocr_line' id='line_1_9' title="bbox 277 993 1365 1073; baseline -0.004 -15"><span class='ocrx_word' id='word_1_65' title='bbox 277 993 330 1058; x_wconf 81' lang='lat'><strong>45.</strong></span> <span class='ocrx_word' id='word_1_66' title='bbox 358 995 507 1058; x_wconf 85' lang='lat' dir='ltr'><strong>Labienus</strong></span> <span class='ocrx_word' id='word_1_67' title='bbox 528 998 649 1057; x_wconf 90' lang='lat' dir='ltr'><strong>interim</strong></span> <span class='ocrx_word' id='word_1_68' title='bbox 672 998 704 1057; x_wconf 92' lang='lat' dir='ltr'><strong>in</strong></span> <span class='ocrx_word' id='word_1_69' title='bbox 727 995 866 1056; x_wconf 88' lang='lat' dir='ltr'><strong>Treveris</strong></span> <span class='ocrx_word' id='word_1_70' title='bbox 890 1002 1029 1073; x_wconf 88' lang='lat' dir='ltr'><strong>equestre</strong></span> <span class='ocrx_word' id='word_1_71' title='bbox 1051 993 1200 1073; x_wconf 85' lang='lat' dir='ltr'><strong>proelium</strong></span> <span class='ocrx_word' id='word_1_72' title='bbox 1224 994 1295 1054; x_wconf 84' lang='lat' dir='ltr'><strong>facit</strong></span> <span class='ocrx_word' id='word_1_73' title='bbox 1318 1013 1365 1054; x_wconf 92' lang='lat' dir='ltr'><strong>se·</strong></span> 
     </span>
     <span class='ocr_line' id='line_1_10' title="bbox 189 1081 1364 1164; baseline -0.003 -18"><span class='ocrx_word' id='word_1_74' title='bbox 189 1085 320 1146; x_wconf 91' lang='lat' dir='ltr'><strong>cundum</strong></span> <span class='ocrx_word' id='word_1_75' title='bbox 344 1084 607 1164; x_wconf 84' lang='lat' dir='ltr'><strong>compluribusque</strong></span> <span class='ocrx_word' id='word_1_76' title='bbox 622 1084 760 1145; x_wconf 84' lang='lat' dir='ltr'><strong>Treveris</strong></span> <span class='ocrx_word' id='word_1_77' title='bbox 779 1084 946 1144; x_wconf 81' lang='lat' dir='ltr'><strong>interiectis</strong></span> <span class='ocrx_word' id='word_1_78' title='bbox 966 1090 996 1144; x_wconf 92' lang='grc'><strong>31</strong></span> <span class='ocrx_word' id='word_1_79' title='bbox 1014 1081 1180 1163; x_wconf 90' lang='lat' dir='ltr'><strong>Germanis,</strong></span> <span class='ocrx_word' id='word_1_80' title='bbox 1203 1084 1255 1161; x_wconf 91' lang='lat' dir='ltr'><strong>qui</strong></span> <span class='ocrx_word' id='word_1_81' title='bbox 1273 1082 1364 1143; x_wconf 91' lang='lat' dir='ltr'><strong>nullis</strong></span> 
     </span>
     <span class='ocr_line' id='line_1_11' title="bbox 188 1170 1366 1254; baseline -0.003 -19"><span class='ocrx_word' id='word_1_82' title='bbox 188 1174 329 1235; x_wconf 82' lang='lat' dir='ltr'><strong>adversus</strong></span> <span class='ocrx_word' id='word_1_83' title='bbox 343 1173 492 1234; x_wconf 86' lang='lat' dir='ltr'><strong>Romanos</strong></span> <span class='ocrx_word' id='word_1_84' title='bbox 511 1172 617 1234; x_wconf 83' lang='lat' dir='ltr'><strong>auxilia</strong></span> <span class='ocrx_word' id='word_1_85' title='bbox 637 1172 830 1254; x_wconf 84' lang='lat' dir='ltr'><strong>denegabant,</strong></span> <span class='ocrx_word' id='word_1_86' title='bbox 851 1173 1003 1251; x_wconf 89' lang='lat' dir='ltr'><strong>principes</strong></span> <span class='ocrx_word' id='word_1_87' title='bbox 1023 1188 1128 1232; x_wconf 80' lang='grc'><strong>333331</strong></span> <span class='ocrx_word' id='word_1_88' title='bbox 1151 1173 1232 1248; x_wconf 87' lang='grc'><strong>31333</strong></span> <span class='ocrx_word' id='word_1_89' title='bbox 1255 1170 1366 1250; x_wconf 84' lang='lat' dir='ltr'><strong>redigit</strong></span> 
     </span>
    </p>

    <p class='ocr_par' dir='ltr' id='par_1_4' title="bbox 151 1258 1366 1518">
     <span class='ocr_line' id='line_1_12' title="bbox 151 1258 1366 1341; baseline 0 -21"><span class='ocrx_word' id='word_1_90' title='bbox 151 1265 219 1323; x_wconf 76' lang='lat' dir='ltr'><strong>ain</strong></span> <span class='ocrx_word' id='word_1_91' title='bbox 243 1280 326 1322; x_wconf 93' lang='lat' dir='ltr'><strong>suam</strong></span> <span class='ocrx_word' id='word_1_92' title='bbox 349 1270 525 1341; x_wconf 89' lang='lat' dir='ltr'><strong>potestatem</strong></span> <span class='ocrx_word' id='word_1_93' title='bbox 550 1269 638 1339; x_wconf 90' lang='lat' dir='ltr'><strong>atque</strong></span> <span class='ocrx_word' id='word_1_94' title='bbox 662 1263 693 1321; x_wconf 90' lang='lat' dir='ltr'><strong>in</strong></span> <span class='ocrx_word' id='word_1_95' title='bbox 722 1261 768 1322; x_wconf 91' lang='lat' dir='ltr'><strong>his</strong></span> <span class='ocrx_word' id='word_1_96' title='bbox 793 1261 905 1322; x_wconf 88' lang='lat' dir='ltr'><strong>Surum</strong></span> <span class='ocrx_word' id='word_1_97' title='bbox 928 1258 1077 1340; x_wconf 76' lang='lat' dir='ltr'><strong>dednum,</strong></span> <span class='ocrx_word' id='word_1_98' title='bbox 1105 1261 1157 1339; x_wconf 93' lang='lat' dir='ltr'><strong>qui</strong></span> <span class='ocrx_word' id='word_1_99' title='bbox 1185 1266 1216 1320; x_wconf 92' lang='lat' dir='ltr'><strong>et</strong></span> <span class='ocrx_word' id='word_1_100' title='bbox 1244 1261 1366 1320; x_wconf 85' lang='lat' dir='ltr'><strong>virtutis</strong></span> 
     </span>
     <span class='ocr_line' id='line_1_13' title="bbox 188 1347 1365 1430; baseline -0.003 -19"><span class='ocrx_word' id='word_1_101' title='bbox 188 1359 219 1412; x_wconf 89' lang='lat' dir='ltr'><strong>et</strong></span> <span class='ocrx_word' id='word_1_102' title='bbox 241 1352 359 1430; x_wconf 92' lang='lat' dir='ltr'><strong>generis</strong></span> <span class='ocrx_word' id='word_1_103' title='bbox 382 1369 527 1411; x_wconf 90' lang='lat' dir='ltr'><strong>summam</strong></span> <span class='ocrx_word' id='word_1_104' title='bbox 549 1349 734 1411; x_wconf 91' lang='lat' dir='ltr'><strong>nobilitatem</strong></span> <span class='ocrx_word' id='word_1_105' title='bbox 756 1349 884 1411; x_wconf 91' lang='lat' dir='ltr'><strong>habebat</strong></span> <span class='ocrx_word' id='word_1_106' title='bbox 906 1348 1047 1428; x_wconf 90' lang='lat' dir='ltr'><strong>solusque</strong></span> <span class='ocrx_word' id='word_1_107' title='bbox 1076 1367 1113 1409; x_wconf 82' lang='lat' dir='ltr'><strong>ex</strong></span> <span class='ocrx_word' id='word_1_108' title='bbox 1136 1347 1246 1408; x_wconf 75' lang='lat' dir='ltr'><strong>Aeduis</strong></span> <span class='ocrx_word' id='word_1_109' title='bbox 1274 1347 1310 1408; x_wconf 91' lang='lat' dir='ltr'><strong>ad</strong></span> <span class='ocrx_word' id='word_1_110' title='bbox 1334 1347 1365 1408; x_wconf 91' lang='lat' dir='ltr'><strong>id</strong></span> 
     </span>
     <span class='ocr_line' id='line_1_14' title="bbox 188 1441 1313 1518; baseline -0.002 -17"><span class='ocrx_word' id='word_1_111' title='bbox 188 1449 306 1518; x_wconf 89' lang='lat' dir='ltr'><strong>tempus</strong></span> <span class='ocrx_word' id='word_1_112' title='bbox 330 1447 534 1518; x_wconf 90' lang='lat' dir='ltr'><strong>permanserat</strong></span> <span class='ocrx_word' id='word_1_113' title='bbox 556 1441 587 1500; x_wconf 89' lang='lat' dir='ltr'><strong>in</strong></span> <span class='ocrx_word' id='word_1_114' title='bbox 610 1441 710 1499; x_wconf 91' lang='lat' dir='ltr'><strong>armis.</strong></span> <span class='ocrx_word' id='word_1_115' title='bbox 1312 1463 1313 1467; x_wconf 43' lang='lat'>¹</span> 
     </span>
    </p>

    <p class='ocr_par' dir='ltr' id='par_1_5' title="bbox 184 1523 1365 1961">
     <span class='ocr_line' id='line_1_15' title="bbox 275 1523 1364 1608; baseline -0.001 -20"><span class='ocrx_word' id='word_1_116' title='bbox 275 1525 327 1589; x_wconf 84' lang='grc'><strong>46.</strong></span> <span class='ocrx_word' id='word_1_117' title='bbox 363 1527 406 1587; x_wconf 89' lang='grc' dir='ltr'><strong>Ε3</strong></span> <span class='ocrx_word' id='word_1_118' title='bbox 433 1545 466 1589; x_wconf 87' lang='lat' dir='ltr'><strong>re</strong></span> <span class='ocrx_word' id='word_1_119' title='bbox 491 1529 608 1607; x_wconf 90' lang='lat' dir='ltr'><strong>cognita</strong></span> <span class='ocrx_word' id='word_1_120' title='bbox 631 1525 754 1608; x_wconf 87' lang='lat' dir='ltr'><strong>Caesar,</strong></span> <span class='ocrx_word' id='word_1_121' title='bbox 781 1544 850 1587; x_wconf 90' lang='lat' dir='ltr'><strong>eum</strong></span> <span class='ocrx_word' id='word_1_122' title='bbox 876 1528 909 1587; x_wconf 89' lang='lat' dir='ltr'><strong>in</strong></span> <span class='ocrx_word' id='word_1_123' title='bbox 923 1525 1070 1596; x_wconf 62' lang='lat' dir='ltr'><strong>‚omuibus</strong></span> <span class='ocrx_word' id='word_1_124' title='bbox 1092 1523 1229 1606; x_wconf 87' lang='lat' dir='ltr'><strong>partibus</strong></span> <span class='ocrx_word' id='word_1_125' title='bbox 1253 1524 1364 1587; x_wconf 88' lang='lat' dir='ltr'><strong>Galliae</strong></span> 
     </span>
     <span class='ocr_line' id='line_1_16' title="bbox 186 1612 1365 1695; baseline -0.002 -18"><span class='ocrx_word' id='word_1_126' title='bbox 186 1615 263 1677; x_wconf 92' lang='lat' dir='ltr'><strong>bene</strong></span> <span class='ocrx_word' id='word_1_127' title='bbox 296 1634 345 1676; x_wconf 87' lang='lat' dir='ltr'><strong>res</strong></span> <span class='ocrx_word' id='word_1_128' title='bbox 378 1618 442 1695; x_wconf 93' lang='lat' dir='ltr'><strong>geri</strong></span> <span class='ocrx_word' id='word_1_129' title='bbox 473 1614 588 1677; x_wconf 86' lang='lat' dir='ltr'><strong>rideret</strong></span> <span class='ocrx_word' id='word_1_130' title='bbox 616 1614 822 1694; x_wconf 89' lang='lat' dir='ltr'><strong>iudicaretque</strong></span> <span class='ocrx_word' id='word_1_131' title='bbox 854 1613 1061 1695; x_wconf 89' lang='lat' dir='ltr'><strong>superioribus</strong></span> <span class='ocrx_word' id='word_1_132' title='bbox 1089 1615 1209 1675; x_wconf 89' lang='lat' dir='ltr'><strong>aestivis</strong></span> <span class='ocrx_word' id='word_1_133' title='bbox 1239 1612 1365 1675; x_wconf 88' lang='lat' dir='ltr'><strong>Galliam</strong></span> 
     </span>
     <span class='ocr_line' id='line_1_17' title="bbox 185 1702 1365 1786; baseline -0.002 -20"><span class='ocrx_word' id='word_1_134' title='bbox 185 1704 331 1766; x_wconf 90' lang='lat' dir='ltr'><strong>devictam</strong></span> <span class='ocrx_word' id='word_1_135' title='bbox 369 1703 581 1783; x_wconf 87' lang='lat' dir='ltr'><strong>subactamque</strong></span> <span class='ocrx_word' id='word_1_136' title='bbox 619 1722 700 1786; x_wconf 88' lang='lat' dir='ltr'><strong>esse,</strong></span> <span class='ocrx_word' id='word_1_137' title='bbox 732 1705 918 1784; x_wconf 78' lang='lat' dir='ltr'><strong>Aquitaniam</strong></span> <span class='ocrx_word' id='word_1_138' title='bbox 954 1721 1117 1782; x_wconf 92' lang='lat' dir='ltr'><strong>numquam</strong></span> <span class='ocrx_word' id='word_1_139' title='bbox 1150 1702 1277 1784; x_wconf 87' lang='lat' dir='ltr'><strong>adisset,</strong></span> <span class='ocrx_word' id='word_1_140' title='bbox 1308 1722 1365 1783; x_wconf 90' lang='lat' dir='ltr'><strong>per</strong></span> 
     </span>
     <span class='ocr_line' id='line_1_18' title="bbox 184 1790 1365 1873; baseline 0.002 -21"><span class='ocrx_word' id='word_1_141' title='bbox 184 1790 324 1853; x_wconf 86' lang='lat' dir='ltr'><strong>Publium</strong></span> <span class='ocrx_word' id='word_1_142' title='bbox 355 1791 494 1853; x_wconf 85' lang='lat' dir='ltr'><strong>Crassum</strong></span> <span class='ocrx_word' id='word_1_143' title='bbox 521 1792 646 1872; x_wconf 90' lang='lat' dir='ltr'><strong>quadam</strong></span> <span class='ocrx_word' id='word_1_144' title='bbox 675 1810 712 1853; x_wconf 80' lang='lat' dir='ltr'><strong>ex</strong></span> <span class='ocrx_word' id='word_1_145' title='bbox 739 1799 822 1872; x_wconf 92' lang='lat' dir='ltr'><strong>parte</strong></span> <span class='ocrx_word' id='word_1_146' title='bbox 855 1792 1026 1873; x_wconf 87' lang='lat' dir='ltr'><strong>devicisset,</strong></span> <span class='ocrx_word' id='word_1_147' title='bbox 1055 1810 1123 1854; x_wconf 92' lang='lat' dir='ltr'><strong>cum</strong></span> <span class='ocrx_word' id='word_1_148' title='bbox 1146 1791 1173 1851; x_wconf 98' lang='grc'><strong>11</strong></span> <span class='ocrx_word' id='word_1_149' title='bbox 1195 1790 1365 1871; x_wconf 76' lang='lat' dir='ltr'><strong>legionibus</strong></span> 
     </span>
     <span class='ocr_line' id='line_1_19' title="bbox 186 1880 1365 1961; baseline 0.002 -21"><span class='ocrx_word' id='word_1_150' title='bbox 186 1882 217 1941; x_wconf 94' lang='lat' dir='ltr'><strong>in</strong></span> <span class='ocrx_word' id='word_1_151' title='bbox 250 1899 314 1941; x_wconf 92' lang='lat' dir='ltr'><strong>eam</strong></span> <span class='ocrx_word' id='word_1_152' title='bbox 344 1889 460 1960; x_wconf 87' lang='lat' dir='ltr'><strong>partem</strong></span> <span class='ocrx_word' id='word_1_153' title='bbox 493 1881 601 1943; x_wconf 87' lang='lat' dir='ltr'><strong>Galliae</strong></span> <span class='ocrx_word' id='word_1_154' title='bbox 634 1889 681 1942; x_wconf 89' lang='lat' dir='ltr'><strong>est</strong></span> <span class='ocrx_word' id='word_1_155' title='bbox 712 1882 880 1961; x_wconf 84' lang='lat' dir='ltr'><strong>proiectus,</strong></span> <span class='ocrx_word' id='word_1_156' title='bbox 909 1889 944 1942; x_wconf 92' lang='lat' dir='ltr'><strong>ut</strong></span> <span class='ocrx_word' id='word_1_157' title='bbox 974 1880 1017 1942; x_wconf 91' lang='lat' dir='ltr'><strong>ibi</strong></span> <span class='ocrx_word' id='word_1_158' title='bbox 1049 1889 1215 1943; x_wconf 84' lang='lat' dir='ltr'><strong>extremum</strong></span> <span class='ocrx_word' id='word_1_159' title='bbox 1244 1888 1365 1961; x_wconf 92' lang='lat' dir='ltr'><strong>tempus</strong></span> 
     </span>
    </p>

    <p class='ocr_par' dir='ltr' id='par_1_6' title="bbox 96 1969 1365 2139">
     <span class='ocr_line' id='line_1_20' title="bbox 96 1969 1365 2041; baseline -0.001 -10"><span class='ocrx_word' id='word_1_160' title='bbox 96 2023 102 2031; x_wconf 90' lang='lat'><strong>.</strong></span> <span class='ocrx_word' id='word_1_161' title='bbox 138 1977 167 2029; x_wconf 73' lang='grc'><strong>,2</strong></span> <span class='ocrx_word' id='word_1_162' title='bbox 186 1979 378 2031; x_wconf 90' lang='lat' dir='ltr'><strong>consumeret</strong></span> <span class='ocrx_word' id='word_1_163' title='bbox 397 1973 584 2033; x_wconf 86' lang='lat' dir='ltr'><strong>aestivorum.</strong></span> <span class='ocrx_word' id='word_1_164' title='bbox 622 1969 717 2041; x_wconf 83' lang='lat' dir='ltr'><strong>Quam</strong></span> <span class='ocrx_word' id='word_1_165' title='bbox 736 1988 801 2031; x_wconf 88' lang='lat' dir='ltr'><strong>rem</strong></span> <span class='ocrx_word' id='word_1_166' title='bbox 824 1972 913 2031; x_wconf 87' lang='lat' dir='ltr'><strong>sicuti</strong></span> <span class='ocrx_word' id='word_1_167' title='bbox 936 1978 1036 2030; x_wconf 91' lang='lat' dir='ltr'><strong>cetera</strong></span> <span class='ocrx_word' id='word_1_168' title='bbox 1059 1969 1198 2031; x_wconf 87' lang='lat' dir='ltr'><strong>celeriter</strong></span> <span class='ocrx_word' id='word_1_169' title='bbox 1221 1969 1365 2032; x_wconf 89' lang='lat' dir='ltr'><strong>leliciter·</strong></span> 
     </span>
     <span class='ocr_line' id='line_1_21' title="bbox 187 2057 1364 2139; baseline 0.001 -21"><span class='ocrx_word' id='word_1_170' title='bbox 187 2077 245 2138; x_wconf 90' lang='lat' dir='ltr'><strong>que</strong></span> <span class='ocrx_word' id='word_1_171' title='bbox 269 2058 406 2120; x_wconf 84' lang='lat' dir='ltr'><strong>coniecit.</strong></span> <span class='ocrx_word' id='word_1_172' title='bbox 442 2058 575 2138; x_wconf 90' lang='lat' dir='ltr'><strong>Namque</strong></span> <span class='ocrx_word' id='word_1_173' title='bbox 599 2077 703 2120; x_wconf 90' lang='lat' dir='ltr'><strong>omnes</strong></span> <span class='ocrx_word' id='word_1_174' title='bbox 717 2058 890 2139; x_wconf 76' lang='lat' dir='ltr'><strong>Aquitaniae</strong></span> <span class='ocrx_word' id='word_1_175' title='bbox 914 2060 1048 2120; x_wconf 87' lang='lat' dir='ltr'><strong>civitates</strong></span> <span class='ocrx_word' id='word_1_176' title='bbox 1069 2057 1182 2137; x_wconf 91' lang='lat' dir='ltr'><strong>legatos</strong></span> <span class='ocrx_word' id='word_1_177' title='bbox 1205 2057 1241 2117; x_wconf 91' lang='lat' dir='ltr'><strong>ad</strong></span> <span class='ocrx_word' id='word_1_178' title='bbox 1258 2057 1364 2119; x_wconf 84' lang='lat' dir='ltr'><strong>Caesa·</strong></span> 
     </span>
    </p>

    <p class='ocr_par' dir='ltr' id='par_1_7' title="bbox 151 2145 1365 2227">
     <span class='ocr_line' id='line_1_22' title="bbox 151 2145 1365 2227; baseline 0.003 -23"><span class='ocrx_word' id='word_1_179' title='bbox 151 2157 250 2207; x_wconf 78' lang='lat' dir='ltr'><strong>orem</strong></span> <span class='ocrx_word' id='word_1_180' title='bbox 278 2149 427 2209; x_wconf 89' lang='lat' dir='ltr'><strong>miserunt</strong></span> <span class='ocrx_word' id='word_1_181' title='bbox 456 2146 635 2226; x_wconf 91' lang='lat' dir='ltr'><strong>obsidesque</strong></span> <span class='ocrx_word' id='word_1_182' title='bbox 663 2149 692 2208; x_wconf 93' lang='lat' dir='ltr'><strong>ei</strong></span> <span class='ocrx_word' id='word_1_183' title='bbox 719 2147 875 2209; x_wconf 87' lang='lat' dir='ltr'><strong>dederunt.</strong></span> <span class='ocrx_word' id='word_1_184' title='bbox 921 2145 1037 2218; x_wconf 86' lang='lat' dir='ltr'><strong>Quibus</strong></span> <span class='ocrx_word' id='word_1_185' title='bbox 1069 2145 1160 2209; x_wconf 89' lang='lat' dir='ltr'><strong>rebus</strong></span> <span class='ocrx_word' id='word_1_186' title='bbox 1182 2149 1276 2225; x_wconf 90' lang='lat' dir='ltr'><strong>gestis</strong></span> <span class='ocrx_word' id='word_1_187' title='bbox 1298 2149 1365 2227; x_wconf 89' lang='lat' dir='ltr'><strong>ipse</strong></span> 
     </span>
    </p>

    <p class='ocr_par' dir='ltr' id='par_1_8' title="bbox 83 2234 1362 2322">
     <span class='ocr_line' id='line_1_23' title="bbox 83 2234 1362 2322; baseline 0.001 -26"><span class='ocrx_word' id='word_1_188' title='bbox 83 2268 85 2273; x_wconf 68' lang='lat'><strong>,</strong></span> <span class='ocrx_word' id='word_1_189' title='bbox 187 2238 321 2314; x_wconf 91' lang='lat' dir='ltr'><strong>equitum</strong></span> <span class='ocrx_word' id='word_1_190' title='bbox 348 2235 496 2315; x_wconf 90' lang='lat' dir='ltr'><strong>praesidio</strong></span> <span class='ocrx_word' id='word_1_191' title='bbox 519 2234 688 2297; x_wconf 88' lang='lat' dir='ltr'><strong>Narbonem</strong></span> <span class='ocrx_word' id='word_1_192' title='bbox 711 2237 864 2316; x_wconf 84' lang='lat' dir='ltr'><strong>proiectus</strong></span> <span class='ocrx_word' id='word_1_193' title='bbox 887 2243 948 2317; x_wconf 93' lang='lat' dir='ltr'><strong>est,</strong></span> <span class='ocrx_word' id='word_1_194' title='bbox 978 2237 1142 2297; x_wconf 86' lang='lat' dir='ltr'><strong>exercitum</strong></span> <span class='ocrx_word' id='word_1_195' title='bbox 1169 2252 1223 2322; x_wconf 79' lang='grc'><strong>333</strong></span> <span class='ocrx_word' id='word_1_196' title='bbox 1246 2235 1362 2314; x_wconf 89' lang='lat' dir='ltr'><strong>legatos</strong></span> 
     </span>
    </p>

    <p class='ocr_par' dir='ltr' id='par_1_9' title="bbox 148 2322 1401 2850">
     <span class='ocr_line' id='line_1_24' title="bbox 148 2322 1365 2404; baseline 0.003 -22"><span class='ocrx_word' id='word_1_197' title='bbox 148 2325 216 2383; x_wconf 85' lang='grc'><strong>413</strong></span> <span class='ocrx_word' id='word_1_198' title='bbox 249 2323 374 2384; x_wconf 92' lang='lat' dir='ltr'><strong>hiberna</strong></span> <span class='ocrx_word' id='word_1_199' title='bbox 405 2324 540 2386; x_wconf 86' lang='lat' dir='ltr'><strong>deduxit:</strong></span> <span class='ocrx_word' id='word_1_200' title='bbox 576 2331 717 2403; x_wconf 83' lang='lat' dir='ltr'><strong>quattuor</strong></span> <span class='ocrx_word' id='word_1_201' title='bbox 749 2323 881 2404; x_wconf 83' lang='lat' dir='ltr'><strong>legiones</strong></span> <span class='ocrx_word' id='word_1_202' title='bbox 911 2326 942 2387; x_wconf 90' lang='lat' dir='ltr'><strong>iu</strong></span> <span class='ocrx_word' id='word_1_203' title='bbox 975 2322 1075 2403; x_wconf 90' lang='lat' dir='ltr'><strong>Belgio</strong></span> <span class='ocrx_word' id='word_1_204' title='bbox 1109 2322 1263 2385; x_wconf 88' lang='lat' dir='ltr'><strong>collocavit</strong></span> <span class='ocrx_word' id='word_1_205' title='bbox 1292 2343 1365 2386; x_wconf 89' lang='lat' dir='ltr'><strong>cum</strong></span> 
     </span>
     <span class='ocr_line' id='line_1_25' title="bbox 185 2409 1363 2494; baseline 0.004 -25"><span class='ocrx_word' id='word_1_206' title='bbox 185 2410 223 2470; x_wconf 90' lang='lat' dir='ltr'><strong>M.</strong></span> <span class='ocrx_word' id='word_1_207' title='bbox 250 2409 377 2471; x_wconf 75' lang='lat' dir='ltr'><strong>Antonio</strong></span> <span class='ocrx_word' id='word_1_208' title='bbox 402 2420 432 2473; x_wconf 95' lang='grc'><strong>31</strong></span> <span class='ocrx_word' id='word_1_209' title='bbox 456 2412 487 2474; x_wconf 83' lang='lat' dir='ltr'><strong>G.</strong></span> <span class='ocrx_word' id='word_1_210' title='bbox 511 2412 661 2473; x_wconf 83' lang='lat' dir='ltr'><strong>Trebonio</strong></span> <span class='ocrx_word' id='word_1_211' title='bbox 685 2421 715 2473; x_wconf 90' lang='lat' dir='ltr'><strong>et</strong></span> <span class='ocrx_word' id='word_1_212' title='bbox 737 2411 769 2473; x_wconf 91' lang='lat' dir='ltr'><strong>P.</strong></span> <span class='ocrx_word' id='word_1_213' title='bbox 793 2412 909 2474; x_wconf 90' lang='lat' dir='ltr'><strong>Vatinio</strong></span> <span class='ocrx_word' id='word_1_214' title='bbox 931 2413 1051 2494; x_wconf 75' lang='lat' dir='ltr'><strong>legatiS,</strong></span> <span class='ocrx_word' id='word_1_215' title='bbox 1075 2412 1148 2473; x_wconf 90' lang='lat' dir='ltr'><strong>duas</strong></span> <span class='ocrx_word' id='word_1_216' title='bbox 1174 2411 1308 2491; x_wconf 88' lang='lat' dir='ltr'><strong>legiones</strong></span> <span class='ocrx_word' id='word_1_217' title='bbox 1330 2416 1363 2474; x_wconf 90' lang='lat' dir='ltr'><strong>in</strong></span> 
     </span>
     <span class='ocr_line' id='line_1_26' title="bbox 185 2498 1364 2581; baseline 0.004 -24"><span class='ocrx_word' id='word_1_218' title='bbox 185 2498 304 2558; x_wconf 81' lang='lat' dir='ltr'><strong>Aeduos</strong></span> <span class='ocrx_word' id='word_1_219' title='bbox 328 2499 459 2581; x_wconf 84' lang='lat' dir='ltr'><strong>deduxit,</strong></span> <span class='ocrx_word' id='word_1_220' title='bbox 482 2519 610 2579; x_wconf 92' lang='lat' dir='ltr'><strong>quorum</strong></span> <span class='ocrx_word' id='word_1_221' title='bbox 634 2503 765 2562; x_wconf 91' lang='lat' dir='ltr'><strong>inomni</strong></span> <span class='ocrx_word' id='word_1_222' title='bbox 785 2500 876 2563; x_wconf 89' lang='lat' dir='ltr'><strong>Gallia</strong></span> <span class='ocrx_word' id='word_1_223' title='bbox 895 2519 1039 2563; x_wconf 88' lang='lat' dir='ltr'><strong>summam</strong></span> <span class='ocrx_word' id='word_1_224' title='bbox 1063 2519 1129 2562; x_wconf 88' lang='grc'><strong>3333</strong></span> <span class='ocrx_word' id='word_1_225' title='bbox 1153 2503 1364 2564; x_wconf 87' lang='lat' dir='ltr'><strong>auctoritatem</strong></span> 
     </span>
     <span class='ocr_line' id='line_1_27' title="bbox 186 2585 1401 2675; baseline 0.004 -27"><span class='ocrx_word' id='word_1_226' title='bbox 186 2585 314 2661; x_wconf 88' lang='lat' dir='ltr'><strong>sciebat,</strong></span> <span class='ocrx_word' id='word_1_227' title='bbox 342 2588 415 2649; x_wconf 90' lang='lat' dir='ltr'><strong>duas</strong></span> <span class='ocrx_word' id='word_1_228' title='bbox 442 2592 474 2650; x_wconf 92' lang='lat' dir='ltr'><strong>in</strong></span> <span class='ocrx_word' id='word_1_229' title='bbox 497 2589 626 2651; x_wconf 89' lang='lat' dir='ltr'><strong>Turonis</strong></span> <span class='ocrx_word' id='word_1_230' title='bbox 654 2589 691 2650; x_wconf 91' lang='lat' dir='ltr'><strong>ad</strong></span> <span class='ocrx_word' id='word_1_231' title='bbox 714 2591 789 2651; x_wconf 89' lang='grc'><strong>11333</strong></span> <span class='ocrx_word' id='word_1_232' title='bbox 813 2590 976 2653; x_wconf 86' lang='lat' dir='ltr'><strong>Carnutum</strong></span> <span class='ocrx_word' id='word_1_233' title='bbox 1000 2592 1114 2672; x_wconf 90' lang='lat' dir='ltr'><strong>posuit,</strong></span> <span class='ocrx_word' id='word_1_234' title='bbox 1142 2608 1218 2670; x_wconf 92' lang='lat' dir='ltr'><strong>quae</strong></span> <span class='ocrx_word' id='word_1_235' title='bbox 1242 2609 1364 2653; x_wconf 91' lang='lat' dir='ltr'><strong>omnem</strong></span> <span class='ocrx_word' id='word_1_236' title='bbox 1398 2668 1401 2675; x_wconf 16' lang='lat' dir='ltr'>y</span> 
     </span>
     <span class='ocr_line' id='line_1_28' title="bbox 185 2675 1364 2760; baseline 0.006 -25"><span class='ocrx_word' id='word_1_237' title='bbox 185 2675 267 2737; x_wconf 92' lang='lat' dir='ltr'><strong>illam</strong></span> <span class='ocrx_word' id='word_1_238' title='bbox 294 2679 447 2756; x_wconf 88' lang='lat' dir='ltr'><strong>regionem</strong></span> <span class='ocrx_word' id='word_1_239' title='bbox 474 2679 663 2740; x_wconf 90' lang='lat' dir='ltr'><strong>coniunctam</strong></span> <span class='ocrx_word' id='word_1_240' title='bbox 691 2679 810 2740; x_wconf 87' lang='lat' dir='ltr'><strong>Oceano</strong></span> <span class='ocrx_word' id='word_1_241' title='bbox 839 2681 1039 2760; x_wconf 89' lang='lat' dir='ltr'><strong>continerent,</strong></span> <span class='ocrx_word' id='word_1_242' title='bbox 1067 2679 1141 2740; x_wconf 89' lang='lat' dir='ltr'><strong>duas</strong></span> <span class='ocrx_word' id='word_1_243' title='bbox 1169 2679 1301 2759; x_wconf 91' lang='lat' dir='ltr'><strong>reliquas</strong></span> <span class='ocrx_word' id='word_1_244' title='bbox 1332 2684 1364 2742; x_wconf 87' lang='lat' dir='ltr'><strong>in</strong></span> 
     </span>
     <span class='ocr_line' id='line_1_29' title="bbox 186 2763 1363 2850; baseline 0.005 -26"><span class='ocrx_word' id='word_1_245' title='bbox 186 2763 376 2826; x_wconf 89' lang='lat' dir='ltr'><strong>Lemovicum</strong></span> <span class='ocrx_word' id='word_1_246' title='bbox 404 2766 513 2827; x_wconf 84' lang='lat' dir='ltr'><strong>linibus</strong></span> <span class='ocrx_word' id='word_1_247' title='bbox 542 2786 603 2829; x_wconf 91' lang='lat' dir='ltr'><strong>uon</strong></span> <span class='ocrx_word' id='word_1_248' title='bbox 630 2768 716 2847; x_wconf 90' lang='lat' dir='ltr'><strong>longe</strong></span> <span class='ocrx_word' id='word_1_249' title='bbox 745 2767 781 2828; x_wconf 94' lang='lat' dir='ltr'><strong>ab</strong></span> <span class='ocrx_word' id='word_1_250' title='bbox 809 2769 963 2850; x_wconf 75' lang='lat' dir='ltr'><strong>Arvernis,</strong></span> <span class='ocrx_word' id='word_1_251' title='bbox 996 2787 1033 2829; x_wconf 91' lang='lat' dir='ltr'><strong>ne</strong></span> <span class='ocrx_word' id='word_1_252' title='bbox 1062 2786 1120 2847; x_wconf 94' lang='lat' dir='ltr'><strong>qua</strong></span> <span class='ocrx_word' id='word_1_253' title='bbox 1149 2786 1218 2847; x_wconf 89' lang='lat' dir='ltr'><strong>pars</strong></span> <span class='ocrx_word' id='word_1_254' title='bbox 1252 2768 1363 2830; x_wconf 84' lang='lat' dir='ltr'><strong>Galliae</strong></span> 
     </span>
    </p>

    <p class='ocr_par' dir='ltr' id='par_1_10' title="bbox 150 2853 1363 3114">
     <span class='ocr_line' id='line_1_30' title="bbox 150 2853 1363 2940; baseline 0.007 -28"><span class='ocrx_word' id='word_1_255' title='bbox 150 2863 277 2914; x_wconf 75' lang='lat' dir='ltr'><strong>evacua</strong></span> <span class='ocrx_word' id='word_1_256' title='bbox 305 2853 341 2913; x_wconf 96' lang='lat' dir='ltr'><strong>ab</strong></span> <span class='ocrx_word' id='word_1_257' title='bbox 370 2858 504 2916; x_wconf 83' lang='lat' dir='ltr'><strong>exercitu</strong></span> <span class='ocrx_word' id='word_1_258' title='bbox 533 2864 621 2917; x_wconf 90' lang='lat' dir='ltr'><strong>esset.</strong></span> <span class='ocrx_word' id='word_1_259' title='bbox 667 2857 781 2918; x_wconf 87' lang='lat' dir='ltr'><strong>Paucos</strong></span> <span class='ocrx_word' id='word_1_260' title='bbox 810 2856 875 2918; x_wconf 91' lang='grc'><strong>(1133</strong></span> <span class='ocrx_word' id='word_1_261' title='bbox 902 2859 966 2936; x_wconf 88' lang='grc'><strong>1333</strong></span> <span class='ocrx_word' id='word_1_262' title='bbox 989 2859 1021 2917; x_wconf 91' lang='grc'><strong>13</strong></span> <span class='ocrx_word' id='word_1_263' title='bbox 1044 2858 1196 2936; x_wconf 83' lang='lat' dir='ltr'><strong>provincia</strong></span> <span class='ocrx_word' id='word_1_264' title='bbox 1220 2867 1363 2940; x_wconf 91' lang='lat' dir='ltr'><strong>moratus,</strong></span> 
     </span>
     <span class='ocr_line' id='line_1_31' title="bbox 187 2941 1362 3026; baseline 0.006 -24"><span class='ocrx_word' id='word_1_265' title='bbox 187 2960 256 3002; x_wconf 90' lang='lat' dir='ltr'><strong>eum</strong></span> <span class='ocrx_word' id='word_1_266' title='bbox 270 2941 408 3004; x_wconf 85' lang='lat' dir='ltr'><strong>celeriter</strong></span> <span class='ocrx_word' id='word_1_267' title='bbox 423 2962 525 3004; x_wconf 90' lang='lat' dir='ltr'><strong>omnes</strong></span> <span class='ocrx_word' id='word_1_268' title='bbox 545 2953 709 3006; x_wconf 89' lang='lat' dir='ltr'><strong>conventus</strong></span> <span class='ocrx_word' id='word_1_269' title='bbox 727 2947 976 3026; x_wconf 87' lang='lat' dir='ltr'><strong>percucurrisset,</strong></span> <span class='ocrx_word' id='word_1_270' title='bbox 993 2944 1127 3024; x_wconf 88' lang='lat' dir='ltr'><strong>publicas</strong></span> <span class='ocrx_word' id='word_1_271' title='bbox 1144 2950 1362 3009; x_wconf 89' lang='lat' dir='ltr'><strong>controversias</strong></span> 
     </span>
     <span class='ocr_line' id='line_1_32' title="bbox 190 3027 1363 3114; baseline 0.004 -23"><span class='ocrx_word' id='word_1_272' title='bbox 190 3039 361 3112; x_wconf 90' lang='lat' dir='ltr'><strong>cognosset,</strong></span> <span class='ocrx_word' id='word_1_273' title='bbox 388 3031 464 3093; x_wconf 92' lang='lat' dir='ltr'><strong>bene</strong></span> <span class='ocrx_word' id='word_1_274' title='bbox 494 3034 609 3093; x_wconf 89' lang='lat' dir='ltr'><strong>meritis</strong></span> <span class='ocrx_word' id='word_1_275' title='bbox 632 3036 762 3112; x_wconf 88' lang='lat' dir='ltr'><strong>praemia</strong></span> <span class='ocrx_word' id='word_1_276' title='bbox 781 3032 948 3114; x_wconf 89' lang='lat' dir='ltr'><strong>tribuisset,</strong></span> <span class='ocrx_word' id='word_1_277' title='bbox 962 3027 1177 3114; x_wconf 89' lang='lat' dir='ltr'><strong>(cognoscendi</strong></span> <span class='ocrx_word' id='word_1_278' title='bbox 1200 3037 1280 3095; x_wconf 91' lang='lat' dir='ltr'><strong>enim</strong></span> <span class='ocrx_word' id='word_1_279' title='bbox 1303 3055 1363 3096; x_wconf 91' lang='lat' dir='ltr'><strong>ma-</strong></span> 
     </span>
    </p>

    <p class='ocr_par' dir='ltr' id='par_1_11' title="bbox 153 3112 1364 3291">
     <span class='ocr_line' id='line_1_33' title="bbox 153 3112 1361 3201; baseline 0.007 -23"><span class='ocrx_word' id='word_1_280' title='bbox 153 3121 297 3180; x_wconf 78' lang='grc'><strong>3313313</strong></span> <span class='ocrx_word' id='word_1_281' title='bbox 320 3120 491 3183; x_wconf 83' lang='grc'><strong>1333113133</strong></span> <span class='ocrx_word' id='word_1_282' title='bbox 514 3120 654 3201; x_wconf 90' lang='lat' dir='ltr'><strong>habebat,</strong></span> <span class='ocrx_word' id='word_1_283' title='bbox 682 3121 761 3199; x_wconf 93' lang='lat' dir='ltr'><strong>quali</strong></span> <span class='ocrx_word' id='word_1_284' title='bbox 788 3124 916 3201; x_wconf 90' lang='lat' dir='ltr'><strong>quisque</strong></span> <span class='ocrx_word' id='word_1_285' title='bbox 947 3112 1053 3183; x_wconf 86' lang='lat' dir='ltr'><strong>luisset</strong></span> <span class='ocrx_word' id='word_1_286' title='bbox 1083 3125 1184 3184; x_wconf 89' lang='lat' dir='ltr'><strong>animo</strong></span> <span class='ocrx_word' id='word_1_287' title='bbox 1212 3125 1243 3183; x_wconf 90' lang='lat' dir='ltr'><strong>in</strong></span> <span class='ocrx_word' id='word_1_288' title='bbox 1267 3127 1361 3186; x_wconf 90' lang='grc'><strong>131133</strong></span> 
     </span>
     <span class='ocr_line' id='line_1_34' title="bbox 188 3206 1364 3291; baseline 0.005 -25"><span class='ocrx_word' id='word_1_289' title='bbox 188 3206 297 3268; x_wconf 86' lang='lat' dir='ltr'><strong>Galliae</strong></span> <span class='ocrx_word' id='word_1_290' title='bbox 328 3207 510 3291; x_wconf 87' lang='lat' dir='ltr'><strong>delectione,</strong></span> <span class='ocrx_word' id='word_1_291' title='bbox 537 3228 625 3287; x_wconf 92' lang='lat' dir='ltr'><strong>quam</strong></span> <span class='ocrx_word' id='word_1_292' title='bbox 654 3212 837 3271; x_wconf 87' lang='lat' dir='ltr'><strong>sustinuerat</strong></span> <span class='ocrx_word' id='word_1_293' title='bbox 863 3209 1003 3271; x_wconf 85' lang='lat' dir='ltr'><strong>fidelitate</strong></span> <span class='ocrx_word' id='word_1_294' title='bbox 1032 3219 1121 3289; x_wconf 89' lang='lat' dir='ltr'><strong>atque</strong></span> <span class='ocrx_word' id='word_1_295' title='bbox 1149 3211 1266 3271; x_wconf 81' lang='lat' dir='ltr'><strong>auxiliis</strong></span> <span class='ocrx_word' id='word_1_296' title='bbox 1293 3230 1364 3291; x_wconf 94' lang='lat' dir='ltr'><strong>pro·</strong></span> 
     </span>
    </p>
   </div>
   <div class='ocr_carea' id='block_1_3' title="bbox 187 3379 1364 3802">
    <p class='ocr_par' dir='ltr' id='par_1_12' title="bbox 187 3379 1362 3594">
     <span class='ocr_line' id='line_1_35' title="bbox 188 3379 1362 3447; baseline 0.008 -18"><span class='ocrx_word' id='word_1_297' title='bbox 188 3392 211 3429; x_wconf 91' lang='grc'><strong>3.</strong></span> <span class='ocrx_word' id='word_1_298' title='bbox 229 3381 273 3430; x_wconf 82' lang='lat'><strong>35.</strong></span> <span class='ocrx_word' id='word_1_299' title='bbox 297 3407 331 3415; x_wconf 90' lang='lat'><em>-</em></span> <span class='ocrx_word' id='word_1_300' title='bbox 354 3383 379 3432; x_wconf 90' lang='grc'><strong>3.</strong></span> <span class='ocrx_word' id='word_1_301' title='bbox 402 3379 522 3447; x_wconf 87' lang='grc'><strong>333311</strong></span> <span class='ocrx_word' id='word_1_302' title='bbox 540 3379 642 3434; x_wconf 85' lang='lat' dir='ltr'><strong>Rom:</strong></span> <span class='ocrx_word' id='word_1_303' title='bbox 667 3381 749 3436; x_wconf 82' lang='lat' dir='ltr'><strong>dafiir</strong></span> <span class='ocrx_word' id='word_1_304' title='bbox 801 3380 904 3434; x_wconf 82' lang='lat' dir='ltr'><strong>Feldzii</strong></span> <span class='ocrx_word' id='word_1_305' title='bbox 925 3397 953 3447; x_wconf 84' lang='lat' dir='ltr'><strong>e;</strong></span> <span class='ocrx_word' id='word_1_306' title='bbox 979 3380 1053 3435; x_wconf 90' lang='grc'><strong>(1333</strong></span> <span class='ocrx_word' id='word_1_307' title='bbox 1075 3380 1120 3436; x_wconf 87' lang='grc'><strong>(113</strong></span> <span class='ocrx_word' id='word_1_308' title='bbox 1139 3381 1226 3436; x_wconf 72' lang='grc'><strong>11133</strong></span> <span class='ocrx_word' id='word_1_309' title='bbox 1247 3380 1362 3438; x_wconf 84' lang='grc'><strong>11113133</strong></span> 
     </span>
     <span class='ocr_line' id='line_1_36' title="bbox 187 3445 1362 3521; baseline 0.008 -22"><span class='ocrx_word' id='word_1_310' title='bbox 187 3445 233 3500; x_wconf 90' lang='grc'><strong>(113</strong></span> <span class='ocrx_word' id='word_1_311' title='bbox 251 3446 296 3501; x_wconf 90' lang='lat' dir='ltr'><strong>W.</strong></span> <span class='ocrx_word' id='word_1_312' title='bbox 316 3447 349 3501; x_wconf 84' lang='lat' dir='ltr'><strong>A.</strong></span> <span class='ocrx_word' id='word_1_313' title='bbox 368 3450 472 3518; x_wconf 91' lang='lat' dir='ltr'><strong>populo</strong></span> <span class='ocrx_word' id='word_1_314' title='bbox 490 3449 627 3509; x_wconf 84' lang='lat' dir='ltr'><strong>Romano.</strong></span> <span class='ocrx_word' id='word_1_315' title='bbox 800 3470 854 3506; x_wconf 85' lang='grc'><strong>333</strong></span> <span class='ocrx_word' id='word_1_316' title='bbox 866 3455 911 3507; x_wconf 69' lang='lat' dir='ltr'><strong>wi</strong></span> <span class='ocrx_word' id='word_1_317' title='bbox 947 3451 1001 3505; x_wconf 87' lang='lat' dir='ltr'><strong>end</strong></span> <span class='ocrx_word' id='word_1_318' title='bbox 1015 3452 1064 3507; x_wconf 90' lang='grc'><strong>(133</strong></span> <span class='ocrx_word' id='word_1_319' title='bbox 1079 3451 1219 3507; x_wconf 84' lang='lat' dir='ltr'><strong>Summers</strong></span> <span class='ocrx_word' id='word_1_320' title='bbox 1233 3452 1283 3521; x_wconf 93' lang='lat' dir='ltr'><strong>(im</strong></span> <span class='ocrx_word' id='word_1_321' title='bbox 1296 3454 1362 3510; x_wconf 85' lang='lat' dir='ltr'><strong>wei-</strong></span> 
     </span>
     <span class='ocr_line' id='line_1_37' title="bbox 800 3521 1362 3594; baseline 0.005 -18"><span class='ocrx_word' id='word_1_322' title='bbox 800 3523 892 3577; x_wconf 83' lang='grc'><strong>133133</strong></span> <span class='ocrx_word' id='word_1_323' title='bbox 912 3521 997 3577; x_wconf 82' lang='lat' dir='ltr'><strong>Sinne</strong></span> <span class='ocrx_word' id='word_1_324' title='bbox 1019 3522 1069 3576; x_wconf 88' lang='grc'><strong>(133</strong></span> <span class='ocrx_word' id='word_1_325' title='bbox 1086 3522 1195 3592; x_wconf 80' lang='grc'><strong>113313)</strong></span> <span class='ocrx_word' id='word_1_326' title='bbox 1213 3523 1307 3594; x_wconf 86' lang='lat' dir='ltr'><strong>Krieg.</strong></span> <span class='ocrx_word' id='word_1_327' title='bbox 1328 3557 1362 3565; x_wconf 93' lang='lat'><em>-</em></span> 
     </span>
    </p>

    <p class='ocr_par' dir='ltr' id='par_1_13' title="bbox 187 3587 1364 3802">
     <span class='ocr_line' id='line_1_38' title="bbox 210 3587 1362 3664; baseline 0.009 -23"><span class='ocrx_word' id='word_1_328' title='bbox 210 3587 245 3643; x_wconf 90' lang='lat' dir='ltr'><strong>V.</strong></span> <span class='ocrx_word' id='word_1_329' title='bbox 264 3587 316 3643; x_wconf 90' lang='lat' dir='ltr'><strong>Die</strong></span> <span class='ocrx_word' id='word_1_330' title='bbox 335 3588 439 3643; x_wconf 81' lang='grc'><strong>1313133</strong></span> <span class='ocrx_word' id='word_1_331' title='bbox 457 3589 528 3644; x_wconf 80' lang='lat' dir='ltr'><strong>uam</strong></span> <span class='ocrx_word' id='word_1_332' title='bbox 550 3590 578 3646; x_wconf 89' lang='lat' dir='ltr'><strong>fe</strong></span> <span class='ocrx_word' id='word_1_333' title='bbox 596 3592 649 3646; x_wconf 79' lang='lat' dir='ltr'><strong>mit</strong></span> <span class='ocrx_word' id='word_1_334' title='bbox 667 3592 721 3647; x_wconf 91' lang='lat' dir='ltr'><strong>den</strong></span> <span class='ocrx_word' id='word_1_335' title='bbox 800 3610 861 3664; x_wconf 83' lang='lat' dir='ltr'><strong>per</strong></span> <span class='ocrx_word' id='word_1_336' title='bbox 877 3593 908 3647; x_wconf 91' lang='lat' dir='ltr'><strong>P.</strong></span> <span class='ocrx_word' id='word_1_337' title='bbox 929 3591 1085 3648; x_wconf 78' lang='lat' dir='ltr'><strong>Crassum</strong></span> <span class='ocrx_word' id='word_1_338' title='bbox 1104 3625 1137 3633; x_wconf 92' lang='lat'><em>-</em></span> <span class='ocrx_word' id='word_1_339' title='bbox 1158 3593 1362 3651; x_wconf 85' lang='lat' dir='ltr'><strong>devicisset:</strong></span> 
     </span>
     <span class='ocr_line' id='line_1_39' title="bbox 187 3659 1364 3734; baseline 0.006 -20"><span class='ocrx_word' id='word_1_340' title='bbox 187 3660 340 3714; x_wconf 86' lang='lat' dir='ltr'><strong>Trevetern</strong></span> <span class='ocrx_word' id='word_1_341' title='bbox 362 3660 420 3714; x_wconf 90' lang='lat' dir='ltr'><strong>und</strong></span> <span class='ocrx_word' id='word_1_342' title='bbox 438 3659 502 3716; x_wconf 89' lang='lat' dir='ltr'><strong>dem</strong></span> <span class='ocrx_word' id='word_1_343' title='bbox 542 3663 676 3729; x_wconf 67' lang='lat' dir='ltr'><strong>ommium</strong></span> <span class='ocrx_word' id='word_1_344' title='bbox 701 3663 747 3719; x_wconf 89' lang='lat' dir='ltr'><strong>die</strong></span> <span class='ocrx_word' id='word_1_345' title='bbox 801 3682 823 3718; x_wconf 90' lang='lat' dir='ltr'><strong>s.</strong></span> <span class='ocrx_word' id='word_1_346' title='bbox 842 3669 867 3734; x_wconf 81' lang='grc'><strong>3,</strong></span> <span class='ocrx_word' id='word_1_347' title='bbox 883 3680 906 3719; x_wconf 93' lang='grc'><strong>3.</strong></span> <span class='ocrx_word' id='word_1_348' title='bbox 921 3670 937 3720; x_wconf 87' lang='grc'>9</span> <span class='ocrx_word' id='word_1_349' title='bbox 952 3682 979 3722; x_wconf 83' lang='lat' dir='ltr'><strong>u</strong></span> <span class='ocrx_word' id='word_1_350' title='bbox 993 3670 1036 3721; x_wconf 80' lang='lat'><strong>20.</strong></span> <span class='ocrx_word' id='word_1_351' title='bbox 1051 3695 1087 3706; x_wconf 87' lang='lat'>—</span> <span class='ocrx_word' id='word_1_352' title='bbox 1101 3671 1127 3720; x_wconf 87' lang='lat'><strong>4.</strong></span> <span class='ocrx_word' id='word_1_353' title='bbox 1146 3665 1182 3720; x_wconf 88' lang='lat' dir='ltr'><strong>in</strong></span> <span class='ocrx_word' id='word_1_354' title='bbox 1201 3665 1364 3722; x_wconf 78' lang='lat' dir='ltr'><strong>Turonis:</strong></span> 
     </span>
     <span class='ocr_line' id='line_1_40' title="bbox 221 3729 1363 3802; baseline 0.006 -17"><span class='ocrx_word' id='word_1_355' title='bbox 221 3729 437 3802; x_wconf 81' lang='lat' dir='ltr'><strong>Unterwerfung</strong></span> <span class='ocrx_word' id='word_1_356' title='bbox 459 3749 514 3787; x_wconf 89' lang='grc'><strong>333</strong></span> <span class='ocrx_word' id='word_1_357' title='bbox 531 3733 710 3802; x_wconf 83' lang='lat' dir='ltr'><strong>Aquitanien.</strong></span> <span class='ocrx_word' id='word_1_358' title='bbox 801 3735 907 3790; x_wconf 77' lang='lat' dir='ltr'><strong>Turoni</strong></span> <span class='ocrx_word' id='word_1_359' title='bbox 924 3734 963 3790; x_wconf 84' lang='grc'><strong>131</strong></span> <span class='ocrx_word' id='word_1_360' title='bbox 980 3736 1031 3791; x_wconf 84' lang='grc'><strong>(133</strong></span> <span class='ocrx_word' id='word_1_361' title='bbox 1044 3735 1215 3792; x_wconf 81' lang='grc'><strong>1133133113.</strong></span> <span class='ocrx_word' id='word_1_362' title='bbox 1230 3767 1265 3776; x_wconf 91' lang='grc'><strong>-</strong></span> <span class='ocrx_word' id='word_1_363' title='bbox 1284 3742 1309 3792; x_wconf 83' lang='lat'><strong>5.</strong></span> <span class='ocrx_word' id='word_1_364' title='bbox 1328 3739 1363 3793; x_wconf 89' lang='lat' dir='ltr'><strong>in</strong></span> 
     </span>
    </p>
   </div>
   <div class='ocr_carea' id='block_1_4' title="bbox 185 3804 1363 4145">
    <p class='ocr_par' dir='ltr' id='par_1_14' title="bbox 185 3804 1363 4145">
     <span class='ocr_line' id='line_1_41' title="bbox 365 3804 1363 3909; baseline 0.006 -53"><span class='ocrx_word' id='word_1_365' title='bbox 365 3836 414 3906; x_wconf 52' lang='lat' dir='ltr'><strong>,Q</strong></span> <span class='ocrx_word' id='word_1_366' title='bbox 434 3841 561 3909; x_wconf 57' lang='lat'><strong>45—43,</strong></span> <span class='ocrx_word' id='word_1_367' title='bbox 799 3804 984 3889; x_wconf 82' lang='lat' dir='ltr'><strong>provincia</strong></span> <span class='ocrx_word' id='word_1_368' title='bbox 1005 3809 1168 3888; x_wconf 79' lang='lat' dir='ltr'><strong>moratus:</strong></span> <span class='ocrx_word' id='word_1_369' title='bbox 1193 3807 1291 3864; x_wconf 83' lang='lat' dir='ltr'><strong>Narbo</strong></span> <span class='ocrx_word' id='word_1_370' title='bbox 1313 3809 1363 3880; x_wconf 84' lang='lat' dir='ltr'><strong>lag</strong></span> 
     </span>
     <span class='ocr_line' id='line_1_42' title="bbox 222 3876 1359 4027; baseline 0.01 -31"><span class='ocrx_word' id='word_1_371' title='bbox 222 3941 289 4012; x_wconf 83' lang='lat' dir='ltr'><strong>Cap.</strong></span> <span class='ocrx_word' id='word_1_372' title='bbox 308 3949 351 3999; x_wconf 80' lang='grc'><strong>45.</strong></span> <span class='ocrx_word' id='word_1_373' title='bbox 372 3949 396 3999; x_wconf 91' lang='grc'><strong>1.</strong></span> <span class='ocrx_word' id='word_1_374' title='bbox 415 3943 599 4027; x_wconf 79' lang='lat' dir='ltr'><strong>Labienus:</strong></span> <span class='ocrx_word' id='word_1_375' title='bbox 619 3964 639 4002; x_wconf 90' lang='lat' dir='ltr'><strong>s.</strong></span> <span class='ocrx_word' id='word_1_376' title='bbox 659 3962 681 4002; x_wconf 91' lang='grc'><strong>3.</strong></span> <span class='ocrx_word' id='word_1_377' title='bbox 703 3953 745 4003; x_wconf 77' lang='lat' dir='ltr'><strong>ab.</strong></span> <span class='ocrx_word' id='word_1_378' title='bbox 798 3876 1359 4016; x_wconf 41' lang='grc' dir='ltr'><strong>1113311381,111101111113313-131011011111ἶθ-Ῐῖᾑ13111-Ξ</strong></span> 
     </span>
     <span class='ocr_line' id='line_1_43' title="bbox 185 4013 1359 4145; baseline 0.007 -79"><span class='ocrx_word' id='word_1_379' title='bbox 185 4013 745 4085; x_wconf 75' lang='lat' dir='ltr'><strong>-nnllnssnbstanbmscbgebrcucht.</strong></span> <span class='ocrx_word' id='word_1_380' title='bbox 799 4019 955 4145; x_wconf 65' lang='lat' dir='ltr'><strong>gnossetz</strong></span> <span class='ocrx_word' id='word_1_381' title='bbox 982 4021 1149 4076; x_wconf 82' lang='lat' dir='ltr'><strong>uniersucht</strong></span> <span class='ocrx_word' id='word_1_382' title='bbox 1170 4039 1196 4076; x_wconf 72' lang='lat' dir='ltr'><strong>u.</strong></span> <span class='ocrx_word' id='word_1_383' title='bbox 1222 4021 1359 4077; x_wconf 77' lang='grc'><strong>331331313-</strong></span> 
     </span>
    </p>
   </div>
   <div class='ocr_carea' id='block_1_5' title="bbox 93 4084 1360 4444">
    <p class='ocr_par' dir='ltr' id='par_1_15' title="bbox 185 4084 1358 4232">
     <span class='ocr_line' id='line_1_44' title="bbox 185 4084 1355 4167; baseline 0.006 -29"><span class='ocrx_word' id='word_1_384' title='bbox 185 4114 220 4124; x_wconf 92' lang='lat'><em>-</em></span> <span class='ocrx_word' id='word_1_385' title='bbox 244 4084 347 4154; x_wconf 67' lang='lat' dir='ltr'><strong>etque</strong></span> <span class='ocrx_word' id='word_1_386' title='bbox 372 4086 407 4140; x_wconf 90' lang='lat' dir='ltr'><strong>in</strong></span> <span class='ocrx_word' id='word_1_387' title='bbox 430 4086 496 4167; x_wconf 76' lang='lat' dir='ltr'><strong>hiq:</strong></span> <span class='ocrx_word' id='word_1_388' title='bbox 520 4088 598 4141; x_wconf 88' lang='grc'><strong>33331</strong></span> <span class='ocrx_word' id='word_1_389' title='bbox 620 4087 746 4145; x_wconf 83' lang='lat' dir='ltr'><strong>beneieh·</strong></span> <span class='ocrx_word' id='word_1_390' title='bbox 820 4107 855 4145; x_wconf 91' lang='lat' dir='ltr'><strong>en</strong></span> <span class='ocrx_word' id='word_1_391' title='bbox 872 4089 961 4145; x_wconf 80' lang='grc'><strong>133113.</strong></span> <span class='ocrx_word' id='word_1_392' title='bbox 979 4090 1075 4161; x_wconf 86' lang='lat' dir='ltr'><strong>Vergl.</strong></span> <span class='ocrx_word' id='word_1_393' title='bbox 1088 4091 1140 4147; x_wconf 86' lang='grc'><strong>(133</strong></span> <span class='ocrx_word' id='word_1_394' title='bbox 1154 4098 1210 4161; x_wconf 63' lang='lat' dir='ltr'><strong>m</strong></span> <span class='ocrx_word' id='word_1_395' title='bbox 1229 4111 1263 4147; x_wconf 84' lang='grc'><strong>33</strong></span> <span class='ocrx_word' id='word_1_396' title='bbox 1280 4107 1355 4146; x_wconf 85' lang='lat' dir='ltr'><strong>ea—</strong></span> 
     </span>
     <span class='ocr_line' id='line_1_45' title="bbox 185 4155 1358 4232; baseline 0.007 -24"><span class='ocrx_word' id='word_1_397' title='bbox 185 4170 241 4210; x_wconf 85' lang='grc'><strong>333</strong></span> <span class='ocrx_word' id='word_1_398' title='bbox 263 4155 308 4211; x_wconf 89' lang='grc'><strong>(113</strong></span> <span class='ocrx_word' id='word_1_399' title='bbox 331 4156 429 4211; x_wconf 81' lang='grc'><strong>113313</strong></span> <span class='ocrx_word' id='word_1_400' title='bbox 451 4156 583 4213; x_wconf 77' lang='grc'><strong>13333133</strong></span> <span class='ocrx_word' id='word_1_401' title='bbox 606 4175 657 4215; x_wconf 86' lang='grc'><strong>333</strong></span> <span class='ocrx_word' id='word_1_402' title='bbox 684 4160 745 4216; x_wconf 86' lang='lat' dir='ltr'><strong>der·</strong></span> <span class='ocrx_word' id='word_1_403' title='bbox 799 4163 971 4232; x_wconf 80' lang='lat' dir='ltr'><strong>cognoscant</strong></span> <span class='ocrx_word' id='word_1_404' title='bbox 987 4161 1145 4219; x_wconf 87' lang='lat' dir='ltr'><strong>Bemerkte.</strong></span> <span class='ocrx_word' id='word_1_405' title='bbox 1159 4192 1195 4203; x_wconf 93' lang='lat'>—</span> <span class='ocrx_word' id='word_1_406' title='bbox 1210 4168 1234 4219; x_wconf 85' lang='lat'><strong>6.</strong></span> <span class='ocrx_word' id='word_1_407' title='bbox 1254 4162 1358 4216; x_wconf 86' lang='lat' dir='ltr'><strong>susti·</strong></span> 
     </span>
    </p>

    <p class='ocr_par' dir='ltr' id='par_1_16' title="bbox 93 4224 1360 4444">
     <span class='ocr_line' id='line_1_46' title="bbox 185 4224 1359 4308; baseline 0.009 -29"><span class='ocrx_word' id='word_1_408' title='bbox 185 4225 282 4280; x_wconf 88' lang='lat' dir='ltr'><strong>selben</strong></span> <span class='ocrx_word' id='word_1_409' title='bbox 300 4224 433 4296; x_wconf 80' lang='lat' dir='ltr'><strong>Gottnng.</strong></span> <span class='ocrx_word' id='word_1_410' title='bbox 481 4297 488 4308; x_wconf 91' lang='lat'><strong>.</strong></span> <span class='ocrx_word' id='word_1_411' title='bbox 797 4233 934 4287; x_wconf 75' lang='grc'><strong>3333313</strong></span> <span class='ocrx_word' id='word_1_412' title='bbox 960 4231 1010 4286; x_wconf 88' lang='lat' dir='ltr'><strong>der</strong></span> <span class='ocrx_word' id='word_1_413' title='bbox 1028 4249 1058 4287; x_wconf 89' lang='lat' dir='ltr'><strong>er</strong></span> <span class='ocrx_word' id='word_1_414' title='bbox 1080 4233 1247 4305; x_wconf 81' lang='lat' dir='ltr'><strong>gewecheen</strong></span> <span class='ocrx_word' id='word_1_415' title='bbox 1268 4250 1359 4304; x_wconf 85' lang='lat' dir='ltr'><strong>gewe·</strong></span> 
     </span>
     <span class='ocr_line' id='line_1_47' title="bbox 93 4294 1360 4374; baseline 0.007 -25"><span class='ocrx_word' id='word_1_416' title='bbox 93 4302 96 4307; x_wconf 83' lang='lat'>&#39;</span> <span class='ocrx_word' id='word_1_417' title='bbox 222 4294 342 4365; x_wconf 78' lang='grc'><strong>03346.</strong></span> <span class='ocrx_word' id='word_1_418' title='bbox 363 4302 387 4350; x_wconf 87' lang='grc'><strong>1.</strong></span> <span class='ocrx_word' id='word_1_419' title='bbox 401 4297 560 4353; x_wconf 74' lang='lat' dir='ltr'><strong>aestivis:</strong></span> <span class='ocrx_word' id='word_1_420' title='bbox 579 4301 686 4357; x_wconf 84' lang='grc'><strong>3331133</strong></span> <span class='ocrx_word' id='word_1_421' title='bbox 699 4302 744 4358; x_wconf 87' lang='grc'><strong>(113</strong></span> <span class='ocrx_word' id='word_1_422' title='bbox 799 4320 849 4359; x_wconf 89' lang='grc'><strong>333</strong></span> <span class='ocrx_word' id='word_1_423' title='bbox 865 4319 936 4372; x_wconf 83' lang='grc'><strong>333,</strong></span> <span class='ocrx_word' id='word_1_424' title='bbox 961 4303 1029 4357; x_wconf 85' lang='lat' dir='ltr'><strong>oder</strong></span> <span class='ocrx_word' id='word_1_425' title='bbox 1051 4302 1097 4359; x_wconf 88' lang='lat' dir='ltr'><strong>die</strong></span> <span class='ocrx_word' id='word_1_426' title='bbox 1116 4321 1146 4360; x_wconf 91' lang='lat' dir='ltr'><strong>er</strong></span> <span class='ocrx_word' id='word_1_427' title='bbox 1165 4302 1360 4374; x_wconf 83' lang='lat' dir='ltr'><strong>niedergehal·</strong></span> 
     </span>
     <span class='ocr_line' id='line_1_48' title="bbox 184 4363 1216 4444; baseline 0.014 -28"><span class='ocrx_word' id='word_1_428' title='bbox 184 4363 231 4418; x_wconf 80' lang='grc'><strong>1113</strong></span> <span class='ocrx_word' id='word_1_429' title='bbox 248 4365 389 4437; x_wconf 79' lang='lat' dir='ltr'><strong>Feldziige</strong></span> <span class='ocrx_word' id='word_1_430' title='bbox 406 4367 555 4439; x_wconf 84' lang='lat' dir='ltr'><strong>geeignete</strong></span> <span class='ocrx_word' id='word_1_431' title='bbox 570 4370 639 4440; x_wconf 85' lang='lat' dir='ltr'><strong>Zeit,</strong></span> <span class='ocrx_word' id='word_1_432' title='bbox 658 4373 745 4428; x_wconf 82' lang='lat' dir='ltr'><strong>daher</strong></span> <span class='ocrx_word' id='word_1_433' title='bbox 797 4374 855 4442; x_wconf 87' lang='lat' dir='ltr'><strong>ten,</strong></span> <span class='ocrx_word' id='word_1_434' title='bbox 874 4373 1112 4444; x_wconf 84' lang='lat' dir='ltr'><strong>zuriiclrgehelten</strong></span> <span class='ocrx_word' id='word_1_435' title='bbox 1129 4375 1216 4432; x_wconf 81' lang='lat' dir='ltr'><strong>butte.</strong></span> 
     </span>
    </p>
   </div>
   <div class='ocr_carea' id='block_1_6' title="bbox 0 0 1407 4778">
    <p class='ocr_par' dir='ltr' id='par_1_17' title="bbox 0 0 1407 4778">
     <span class='ocr_line' id='line_1_49' title="bbox 0 0 1407 4778; baseline 0 0"><span class='ocrx_word' id='word_1_436' title='bbox 0 0 1407 4778; x_wconf 95' lang='lat' dir='ltr'><strong> </strong></span> 
     </span>
    </p>
   </div>
  </div>
 </body>
</html>
