2804 4778
461 234 529 288 ΜΒ.
548 235 609 291 VII.
639 236 717 290 CAP.
736 241 850 292 31-34.

1177 239 1243 304 225

159 397 210 459 33.
234 398 356 480 Caesar,
379 402 436 460 etsi
459 418 476 460 e
498 401 575 462 bello
600 411 688 481 atque
710 402 796 464 hoste
819 403 973 463 discedere
997 404 1242 467 detrimentosum

70 507 137 548 esse
157 487 356 569 existimabat,
379 496 556 551 tamennon
579 492 733 573 ignorem,
756 499 865 570 quanta
885 509 921 551 ex
940 491 1175 554 dissensionibus
1198 498 1242 554 in-

71 575 223 637 commoda
256 578 329 636 oriri
361 587 569 661 consuessent,
602 598 640 640 ne
672 588 752 641 tanta
785 588 815 640 et
846 588 906 640 tem
939 583 1097 643 coniuncta
1132 583 1242 662 populo

73 665 205 725 Romano
238 666 353 747 civitas,
391 684 477 744 quam
514 669 579 748 ipse
612 686 730 747 semper
762 668 883 729 aluisset
916 669 1113 748 omnibusque
1151 671 1243 732 rebus

70 762 219 833 ornasset,
249 752 284 814 ad
317 756 376 814 vim
406 762 494 833 etque
524 775 606 817 arma
635 757 843 836 descenderet,
874 764 962 835 atque
993 776 1027 818 ea
1055 777 1138 840 pars,
1168 778 1243 839 quae

70 845 170 902 minus
194 841 250 902 sibi
273 842 448 924 confideret,
471 844 578 904 auxilia
602 864 617 905 a
640 845 881 924 Vercingetorige
905 855 1083 928 arcesseret,
1106 848 1175 909 huic
1198 851 1244 909 rei

68 931 317 1010 praevertendum
336 932 513 993 existimavit
532 941 574 1014 et,
595 934 674 1012 quod
697 933 812 1013 legibus
831 933 1002 994 Aeduorum
1020 937 1070 1016 iis,
1094 939 1145 1014 qui
1163 953 1276 1000 sum-2

68 1038 150 1080 mum
174 1021 379 1098 magistratum
402 1019 585 1104 obtinerent,
614 1022 757 1084 excedere
781 1042 817 1082 ex
840 1021 949 1082 finibus
972 1042 1033 1083 non
1059 1024 1176 1106 liceret,
1204 1044 1242 1086 ne

69 1108 140 1187 quid
165 1107 201 1168 de
224 1110 290 1169 iure
314 1116 365 1168 aut
392 1109 427 1169 de
456 1109 570 1189 legibus
594 1129 698 1172 eorum
721 1112 902 1172 deminuisse
925 1111 1090 1193 videretur,
1119 1116 1183 1192 ipse
1212 1106 1242 1174 ib

69 1197 188 1258 Aeduos
211 1198 361 1276 proticisci
384 1201 488 1259 statuit
511 1208 705 1278 senatumque
729 1217 847 1260 omnem
871 1207 901 1260 et
924 1218 999 1277 quos
1022 1202 1101 1262 inter
1125 1210 1241 1263 contro·

69 1287 164 1345 versia
197 1294 275 1346 esset
303 1286 339 1345 ad
367 1305 399 1346 se
427 1285 579 1347 Decetiam
607 1290 746 1348 evocavit.
792 1287 866 1349 Cum
893 1306 987 1367 prope
1016 1291 1114 1349 ornnis
1140 1293 1276 1356 civitase
1376 1343 1379 1349 .

69 1393 104 1434 eo
129 1377 315 1434 convenisset
337 1374 556 1454 docereturque
579 1379 681 1456 paucis
705 1376 779 1437 clam
804 1379 972 1438 convocatis
995 1377 1051 1438 alio
1075 1377 1154 1459 loco,
1185 1379 1241 1439 alio

70 1473 203 1542 tempore
223 1470 311 1540 atque
330 1467 510 1545 oportuerit,
534 1465 655 1526 fratrem
679 1484 695 1526 a
719 1466 810 1526 lratre
829 1467 1046 1546 renuntiatum,
1070 1485 1138 1527 cum
1161 1467 1242 1547 leges

73 1551 132 1611 duo
163 1570 198 1611 ex
229 1569 287 1611 une
317 1552 425 1612 familia
455 1555 520 1613 vivo
551 1562 678 1634 utroque
708 1573 768 1614 non
799 1553 895 1615 solum
925 1556 1115 1632 magistratus
1147 1559 1242 1617 creari

68 1647 215 1721 vetarent,
239 1639 291 1701 sed
315 1643 403 1702 etiam
431 1644 460 1701 in
492 1651 596 1703 senatu
620 1661 685 1704 esse
712 1643 920 1724 prohiberent,
948 1641 1055 1704 Cotum
1083 1646 1241 1723 imperium

70 1727 218 1807 deponere
243 1729 347 1806 coegit.
394 1728 667 1813 Conuictolitauem,
691 1734 742 1810 qui
764 1750 819 1811 per
840 1732 1009 1793 sacerdotes
1033 1751 1116 1793 more
1140 1735 1240 1794 civita·
1261 1751 1278 1797 4

69 1819 107 1877 tis
127 1818 305 1878 intermissis
319 1818 540 1897 magistratibus
556 1828 635 1882 esset
654 1827 781 1901 creatus,
799 1828 976 1900 potestatem
991 1819 1126 1882 obtinere
1145 1824 1242 1883 iussit.

156 1921 208 1984 34.
243 1923 305 1985 lloc
336 1924 456 1986 decreto
487 1927 664 2004 interposito
695 1926 866 1987 cohortatus
896 1925 1030 2006 Aeduos,
1060 1935 1094 1987 ut
1124 1935 1241 1987 contro-

69 2015 232 2072 versiarum
265 2032 299 2072 ac
331 2013 525 2073 dissensionis
557 2013 804 2075 obliviscerentur
836 2021 924 2092 etque
955 2013 1092 2074 omnibus
1124 2017 1247 2076 omissis

68 2100 160 2161 rebus
182 2100 252 2163 huic
275 2100 352 2162 hello
376 2103 524 2162 servirent
547 2120 654 2183 eaque,
677 2121 752 2181 quae
776 2104 970 2182 meruissent,
996 2104 1125 2180 praemia
1149 2102 1185 2162 ab
1210 2122 1241 2164 se

69 2188 183 2250 devicta
207 2189 298 2250 Gallia
322 2197 530 2268 exspectarent
557 2192 780 2269 equitatumque
805 2208 923 2250 omnem
948 2199 977 2250 et
1005 2191 1139 2269 peditum
1162 2191 1242 2251 milia

71 2276 98 2336 X
122 2277 179 2338 sibi
197 2277 335 2339 celeriter
353 2280 520 2361 mitterent,
543 2297 618 2358 quae
637 2282 668 2339 in
687 2280 842 2359 praesidiis
861 2281 906 2340 rei
925 2279 1134 2349 lrumentariae
1154 2297 1242 2340 causa

66 2483 289 2554 Umschreibung
307 2501 363 2538 von
380 2483 449 2553 fore,
469 2487 501 2539 nt
515 2487 568 2540 etc.
583 2485 628 2539 fiir

66 2557 177 2624 partem
201 2585 233 2594 —
258 2555 449 2610 conflicturam
473 2574 534 2612 esse
560 2575 580 2612 s.
601 2563 626 2625 2,

67 2632 109 2695 17,
129 2632 159 2693 3;
179 2626 249 2680 iiber
267 2626 312 2680 die
331 2626 461 2698 Stellung
482 2646 539 2683 won
561 2644 626 2697 pars

66 2698 239 2767 comperte,
258 2697 304 2752 ein
324 2697 407 2769 Theil
423 2699 477 2752 mit
494 2699 558 2754 dem
577 2715 627 2752 nn-

68 2768 150 2836 dem,
169 2768 246 2822 siehe
266 2773 296 2835 5,
315 2773 363 2836 48,
382 2774 399 2821 4
422 2788 456 2824 nu
474 2773 572 2824 nostro
590 2769 626 2824 ob

64 2838 193 2892 hostibus
213 2837 337 2894 consilia.

29 2975 31 2979 ι
101 2909 167 2978 Cep.
183 2915 225 2963 33.
246 2916 271 2965 1.
290 2908 370 2962 etsi:
390 2909 558 2965 wiederhole
575 2909 626 2965 das

65 2986 91 3047 3,
106 2984 180 3046 242
199 2998 233 3033 nu
252 2979 306 3033 etsi
324 2979 453 3049 Gesagte.
468 3011 502 3020 —
518 2979 627 3034 detri-

65 3051 256 3105 mentosum
279 3049 391 3105 hommt
411 3069 464 3104 nur
486 3049 548 3105 hier
567 3067 626 3119 vor,

65 3122 144 3177 sonet
165 3120 359 3191 ungentis·
384 3122 513 3190 quanta
533 3122 625 3176 iibere.

63 3192 138 3246 noch
156 3197 186 3260 2,
204 3197 222 3246 4
240 3210 275 3246 zu
292 3193 427 3261 quantem
446 3223 479 3232 -
501 3191 626 3247 multitu-

65 3263 166 3317 dinem.
183 3294 216 3302 -
231 3280 270 3318 ne
284 3294 318 3302 —
333 3265 540 3318 arcesseret:
557 3264 627 3318 iiber

64 3333 109 3388 die
129 3333 258 3404 Stellung
281 3333 373 3390 dieser
392 3334 472 3389 Sittze
494 3334 553 3388 und
575 3334 625 3389 des

63 3403 216 3473 folgenden
228 3422 265 3459 ne
279 3436 312 3446 -
327 3405 470 3461 videretur
484 3424 505 3462 s.
519 3425 554 3460 zu
564 3412 589 3474 6,
599 3412 625 3461 3.

64 3506 98 3514 -
114 3475 220 3531 alere:
237 3475 292 3530 den
306 3475 387 3531 Stant
400 3476 624 3547 emporbringen.

66 3575 98 3585 —
118 3550 287 3601 ornasset:
307 3547 520 3617 ousgezeichnet
535 3549 623 3603 hatte.

65 3648 98 3656 -
114 3616 155 3670 nd
170 3616 358 3686 vimetqne
373 3634 467 3673 orma
480 3619 624 3673 iibersetze

64 3688 153 3742 durch
168 3686 214 3741 ein
227 3689 623 3757 zusammengesetztesWort.

64 3789 98 3798 -
109 3765 133 3812 2.
144 3757 199 3826 iis,
215 3758 520 3827 qui-obtinerent
531 3759 623 3815 libers.

64 3828 144 3883 nieht
171 3829 309 3885 wdrtlich.
339 3860 372 3869 -
401 3830 622 3886 deminuisse:

63 3901 114 3955 wir
133 3901 207 3954 eueh
226 3901 276 3954 dns
294 3900 386 3954 Proes.
411 3930 447 3951 -,
468 3917 551 3971 quos
573 3901 624 3954 in-

63 3973 127 4027 ter:
147 3970 193 4025 die
208 3971 414 4041 Nechstellung
432 3972 482 4026 der
495 3971 624 4042 Prtposi·

63 4042 125 4096 tion
137 4041 232 4097 hinter
246 4042 297 4096 das
311 4041 433 4112 regierte
442 4044 523 4098 Wort
535 4043 626 4098 heisst

63 4113 248 4183 Anashophe.
273 4145 306 4153 -
331 4116 434 4169 esset:
458 4115 553 4170 woher
575 4115 625 4170 der

65 4182 250 4254 conjunctio?
299 4201 349 4239 aus
394 4201 502 4248 wessen
544 4185 624 4240 Seele

64 4255 171 4324 spricht
185 4254 288 4311 obser?
304 4289 337 4296 -
353 4262 377 4311 3.
396 4256 516 4326 paucis
536 4256 625 4312 elem

64 4327 276 4382 convocatis:
296 4327 371 4384 disse
385 4328 483 4383 Worte
497 4327 559 4382 sind
572 4328 625 4382 mit

63 4397 253 4453 renuntiatum
272 4418 306 4454 nu
324 4399 483 4455 verbinden.
502 4429 535 4440 -
554 4399 624 4454 elio

115 4494 211 4538 Ousire
224 4508 258 4538 nn
271 4509 292 4540 n,
308 4509 380 4541 oren.

682 2516 715 2524 —
744 2489 859 2553 atque:
886 2486 932 2540 fiir
959 2486 1065 2540 welche
1089 2487 1179 2556 Regel
1203 2486 1242 2541 ist

681 2556 740 2610 dies
759 2557 806 2611 ein
823 2555 964 2626 Beispiel?
987 2558 1044 2611 und
1067 2556 1112 2611 fiir
1135 2557 1241 2612 welche

680 2628 770 2697 Begel
788 2626 851 2696 gibt
869 2627 1025 2696 oportuerit
1040 2627 1087 2682 ein
1100 2627 1240 2696 Beispiel?

681 2729 715 2736 -
734 2697 806 2752 elio
825 2728 858 2736 -
878 2697 961 2752 alio:
985 2697 1038 2751 wie
1058 2697 1146 2751 heisst
1164 2697 1241 2751 diere

680 2767 859 2822 Redeweise?
874 2797 907 2809 -
922 2768 1065 2821 fratrem
1083 2784 1101 2822 o
1118 2767 1240 2822 fratre:

682 2838 782 2893 Cotum
801 2855 818 2891 a
835 2836 996 2903 Valetia003
1018 2838 1088 2892 iiber
1105 2836 1150 2892 die
1170 2837 1241 2893 Stel-

680 2910 750 2978 lung
768 2928 789 2964 s.
803 2913 828 2975 ὃ,
842 2914 886 2976 48,
902 2913 927 2962 4.
944 2939 977 2948 -
992 2908 1238 2963 renuntiatum:

680 2979 804 3034 nitmlieh
832 2978 1042 3047 magistratum,
1075 2979 1116 3033 als
1141 2979 1241 3049 Regie-

680 3050 903 3120 rnngsmitglied.
916 3081 948 3089 —
960 3067 1034 3106 cnm
1046 3050 1157 3121 leges:
1171 3051 1241 3104 iiber

681 3139 745 3176 cum
759 3141 779 3176 s.
795 3129 821 3190 4,
837 3128 880 3188 12,
896 3127 918 3176 1.
934 3152 969 3161 -
988 3137 1074 3176 esset
1095 3140 1129 3176 nu
1144 3121 1239 3176 sitzen.

681 3225 715 3233 -
742 3198 768 3248 4.
795 3209 854 3262 per
879 3192 1090 3247 sacerdotes:
1113 3192 1183 3246 iiber
1201 3191 1240 3246 sie

680 3264 755 3319 siehe
775 3271 799 3334 6,
816 3269 857 3319 13.
873 3294 906 3303 -
921 3279 1025 3318 more:
1044 3262 1114 3318 iiber
1129 3261 1175 3317 die
1188 3263 1240 3318 Be·

680 3336 805 3404 deutung
827 3333 877 3388 des
895 3333 958 3390 Abl.
979 3352 999 3388 s.
1019 3341 1049 3403 6,
1068 3339 1101 3388 27
1121 3352 1154 3388 nu
1176 3350 1240 3389 eon-

679 3403 834 3460 suetudine.
849 3435 885 3444 -
901 3403 1116 3460 intermissis
1133 3405 1240 3476 mogi·

679 3475 861 3530 stratibus:
881 3476 1015 3530 withrend
1024 3476 1070 3531 die
1080 3475 1240 3532 weltliehen

678 3546 824 3601 Behdrden
842 3547 1035 3614 unterdessen‚
1057 3565 1091 3600 zu
1110 3547 1160 3600 der
1178 3546 1239 3600 Zeit

678 3618 728 3672 der
752 3616 850 3684 thl,
878 3619 1051 3687 ausgesetzt,
1080 3615 1240 3686 suspendirt

678 3702 783 3756 waren,
806 3688 867 3742 also
886 3688 932 3742 die
949 3689 1071 3744 Priester
1088 3686 1134 3742 die
1153 3686 1238 3741 thl

678 3757 907 3814 alleinleiteten.

715 3828 782 3898 Cap.
801 3836 843 3884 34.
869 3837 893 3884 1.
916 3829 1064 3885 omissis:
1088 3828 1141 3882 mit
1158 3826 1239 3881 Hint·

678 3904 830 3970 ensetzung
849 3901 920 3955 aller
940 3899 1062 3965 anderen
1079 3898 1178 3967 Dirige.
1205 3928 1238 3937 —

678 3971 772 4026 huic:
791 3971 856 4025 dem
869 3969 1108 4041 gegenwitrtigen.
1122 3999 1156 4008 -
1170 3985 1238 4025 ser·

659 4051 661 4055 ’
678 4042 806 4097 virent:
826 4059 847 4096 s.
867 4046 955 4110 4‚5‚3
974 4059 1008 4094 zu
1026 4041 1053 4094 d.
1068 4041 1112 4096 W.
1131 4071 1164 4080 -
1184 4057 1238 4095 ea·

678 4129 743 4182 que
762 4145 796 4153 -
814 4112 1026 4166 meruissent
1043 4111 1103 4165 iibs.
1122 4112 1194 4166 nach
1214 4117 1238 4180 1,

679 4191 695 4240 8
714 4202 748 4238 zu
766 4200 851 4252 quem
870 4214 903 4222 —
925 4181 1115 4239 constituerat.
1141 4214 1174 4222 -
1197 4182 1237 4236 ab

679 4271 712 4309 se
736 4252 871 4309 verbinde
897 4253 951 4308 mit
978 4255 1179 4324 exspectarent.
1202 4284 1238 4293 —

677 4326 712 4380 in
744 4324 942 4396 praesidiis:
979 4325 1009 4379 in
1040 4325 1237 4381 verschiedene

679 4397 761 4469 Otte,
782 4415 834 4452 nm
854 4414 892 4452 nu
906 4397 1064 4461 schirtnen,
1081 4415 1124 4448 mx
1139 4395 1258 4447 henim

1015 4489 1055 4536 ‘lb
