2804 4778
492 245 559 298 LIB.
577 245 611 299 II.
640 244 717 300 oAP.
738 250 833 300 7-10.
1207 246 1250 310 57

78 410 209 489 reliquas
233 427 284 470 sex
313 409 444 489 legiones
472 427 526 488 pro
555 412 660 470 castris
689 412 720 470 in
749 412 811 470 acie
840 413 1003 472 constituit.
1050 409 1157 472 Hostes
1180 414 1251 473 item

79 516 148 559 suas
172 501 272 578 copias
296 516 332 558 ex
355 500 461 558 castris
484 498 842 588 eductasjnstruxerant.

169 600 198 664 9.
222 603 311 664 Palus
334 613 398 664 erat
421 621 480 663 non
504 621 608 682 magna
636 606 716 664 inter
744 611 880 664 nostrum
904 613 992 683 atque
1015 604 1147 666 hostium
1170 624 1253 666 exer-

79 694 179 753 citum.
217 691 300 753 Hanc
320 694 345 752 si
363 694 459 753 nostri
477 695 649 772 transirent,
666 692 768 752 hostes
787 692 1013 773 exspectabant3
1033 696 1128 754 nostri
1146 702 1254 775 autem,

79 783 105 841 si
133 779 168 841 ab
196 780 254 840 illis
284 781 402 841 initium
431 780 605 840 transeundi
635 781 733 861 tieret,
764 788 799 840 ut
825 780 983 859 impeditos
1013 781 1255 863 aggrederentur,

77 871 173 948 parati
195 870 226 927 in
255 870 345 929 armis
375 876 467 929 erant.
512 867 636 928 Interim
662 868 777 948 proelio
807 871 941 946 equestri
968 871 1046 929 inter
1074 868 1147 930 duas
1176 873 1254 931 acics

79 956 322 1017 contendebatur.
368 955 426 1016 Ubi
448 958 549 1017 neutri
577 956 751 1017 transeundi
779 958 897 1018 initium
928 957 1054 1036 iaciunt,
1078 959 1289 1019 secundiores

79 1047 214 1124 equitum
245 1045 359 1125 proelio
392 1047 502 1105 nostris
538 1043 646 1105 Caesar
678 1063 749 1105 suos
782 1047 813 1104 in
845 1053 941 1106 castra
974 1044 1101 1106 reduxit.
1147 1045 1289 1108 Hostesa
1383 1047 1390 1054 ’

78 1135 215 1212 protinus
239 1151 274 1193 ex
304 1151 339 1192 eo
368 1132 433 1192 loco
457 1132 491 1192 ad
520 1131 632 1193 tiumen
654 1132 786 1193 Axonam
818 1133 1052 1214 contenderunt,
1081 1135 1161 1213 quod
1189 1153 1255 1195 esse

78 1229 146 1299 post
173 1229 275 1281 nostra
304 1229 400 1282 castra
430 1221 666 1297 demonstratum
693 1230 747 1281 est.
792 1220 837 1281 lbi
869 1221 951 1281 vadis
981 1225 1110 1300 repertis
1139 1230 1290 1302 parterns

79 1326 200 1369 suarum
224 1311 376 1389 copiarum
400 1308 557 1369 traducere
578 1311 676 1370 conati
699 1318 778 1391 suot,
802 1328 837 1370 eo
856 1309 989 1390 consilio,
1013 1317 1054 1391 ut,
1074 1313 1100 1370 si
1122 1319 1255 1392 possent,

81 1396 244 1478 castellum,
268 1400 316 1458 cui
339 1405 476 1477 praeerat
499 1397 628 1468 Quintus
649 1397 784 1458 Titurius
807 1397 931 1479 legatus,
954 1407 1159 1476 expugnarent
1182 1417 1254 1478 pon-

82 1493 202 1564 temque
226 1484 490 1566 interscinderent3
514 1488 540 1545 si
560 1488 659 1546 minus
678 1488 854 1567 potuissent,
873 1504 959 1566 agros
976 1485 1138 1547 Remorum
1161 1505 1254 1566 popu·

79 1573 222 1654 larentur,
247 1575 299 1661 qui
321 1591 427 1652 magno
457 1572 542 1634 nobis
567 1575 635 1634 usui
663 1573 699 1634 ad
727 1572 838 1635 bellum
865 1575 1030 1653 gerendum
1054 1583 1152 1655 erant,
1176 1594 1254 1635 eom-

80 1670 239 1741 meatuque
263 1671 382 1723 nostros
405 1661 609 1742 prohiberent.

169 1765 218 1829 10.
243 1767 350 1828 Caesar
369 1760 480 1828 certior
499 1769 594 1829 tactus
612 1768 649 1828 ab
668 1768 784 1829 Titurio
808 1787 927 1843 omnem
947 1771 1112 1848 equitatum
1131 1777 1161 1829 et
1180 1768 1252 1830 levis

79 1851 245 1917 armaturae
264 1855 415 1936 Numidas,
438 1856 605 1917 funditores
624 1859 851 1936 sagittariosque
873 1864 996 1936 pontem
1014 1856 1144 1918 traducit
1163 1864 1251 1935 atque

79 1944 114 2004 ad
139 1963 190 2005 eos
209 1944 369 2005 contendit.
411 1945 527 2005 Acriter
553 1946 584 2004 in
608 1963 643 2005 eo
666 1944 732 2004 loco
750 1952 915 2024 pugnatum
939 1954 993 2005 est.
1034 1945 1142 2005 Hostes
1160 1947 1251 2023 impe·
1272 1958 1288 2005 2

78 2032 157 2110 ditos
180 2033 277 2093 nostri
299 2034 330 2093 in
357 2032 479 2093 ilumine
503 2035 635 2111 aggressi
664 2050 803 2110 magnum
827 2050 932 2093 eorum
955 2050 1114 2093 numerum
1137 2032 1252 2093 occide-

78 2129 162 2193 runt:
190 2139 246 2200 per
274 2138 378 2180 eorum
406 2137 531 2198 corpora
567 2120 699 2198 reliquos
727 2119 921 2181 audacissime
952 2122 1079 2181 transire
1110 2129 1287 2182 conantosa

78 2209 269 2270 multitudiue
292 2208 421 2268 telorum
450 2208 637 2288 repulerunt3
664 2211 793 2290 primos,
821 2209 873 2287 qui
900 2211 1094 2290 transierant,
1118 2211 1252 2287 equitatu

78 2299 298 2357 circumventos
321 2297 545 2356 interfecerunt.
591 2295 698 2356 Hostes
727 2295 831 2357 ubist
858 2296 895 2356 de
924 2296 1119 2376 expugnando
1144 2297 1288 2376 oppid04

79 2392 109 2445 et
140 2384 175 2445 de
204 2383 326 2445 flumine
357 2384 539 2445 transeundo
572 2403 656 2463 spem
684 2403 715 2445 se
744 2385 885 2445 fefellisse
912 2384 1124 2447 intellexerunt
1155 2403 1251 2464 neque

79 2482 200 2534 nostros
228 2475 258 2533 in
291 2471 389 2532 locum
421 2475 600 2551 iniquiorem
631 2473 771 2552 progredi
803 2474 954 2552 pugnandi
987 2492 1075 2535 causa
1106 2475 1254 2555 viderunt,

81 2570 169 2640 atque
189 2564 270 2641 ipsos
293 2579 343 2621 res
362 2561 555 2621 frumentaria
574 2561 700 2622 deiicere
725 2565 832 2643 coepit,
855 2562 981 2623 concilio
1004 2570 1166 2623 convocato
1185 2580 1254 2622 con·

114 2765 180 2834 Cap.
201 2773 225 2821 9.
251 2773 274 2820 1.
301 2766 329 2820 si
347 2765 552 2821 transirent:
571 2767 641 2821 iiber
694 2767 783 2821 sent:
807 2765 930 2835 Beispiel
951 2766 997 2819 fur
1020 2768 1089 2821 zwci
1112 2766 1173 2820 sich
1195 2768 1253 2820 ent-

77 2836 101 2891 si
120 2837 196 2891 siehe
212 2845 235 2905 1,
250 2843 267 2892 8
286 2855 320 2890 zu
339 2837 403 2891 dem
418 2837 498 2891 Setae
512 2837 640 2904 Helvetii
693 2853 728 2906 ge
750 2839 910 2905 engesetzte
928 2836 1198 2907 Bedingungssttze.

78 2907 255 2962 destiterunt.
293 2937 326 2946 -
362 2907 473 2960 nostri
510 2909 638 2962 autem:
729 2855 796 2975 gap.
818 2913 858 2961 10.
880 2907 1090 2961 1.tradueit:
1118 2905 1255 2962 dieOon-

79 2978 179 3032 ordne:
193 2977 282 3031 nostri
295 2978 390 3031 autem
403 2976 497 3045 parati
511 3007 544 3016 -
559 2981 640 3032 erant
693 2977 829 3032 struction
848 2977 940 3033 dieses
959 2978 1071 3032 Wortes
1096 2978 1134 3032 ist
1152 2978 1256 3033 bereits

79 3047 208 3116 (standan
227 3047 411 3117 schlsgfertig
429 3048 488 3117 da),
508 3050 552 3115 ut,
566 3078 601 3087 -
615 3048 639 3102 si
668 3049 827 3103 uerwtthnt.
847 3078 880 3090 -
900 3048 934 3102 in
953 3063 991 3102 eo
1009 3049 1098 3103 loeo:
1123 3048 1160 3102 de
1177 3054 1255 3103 utm-

78 3149 112 3158 —
130 3119 222 3187 fieret,
240 3117 391 3187 impeditos
410 3117 474 3188 (sie,
497 3135 578 3173 wenn
598 3117 638 3172 sie
692 3119 764 3186 lioh,
786 3135 830 3172 wo
853 3135 883 3174 er
905 3119 959 3173 mit
981 3119 1036 3173 den
1058 3119 1182 3174 Feinden
1206 3138 1254 3173 zu-

78 3190 168 3244 dcmit
185 3189 356 3259 beschtitigt
374 3191 477 3258 waren)
502 3189 635 3258 aggrede-
693 3189 882 3244 sommentraf.
893 3220 926 3229 -
937 3196 961 3245 2.
976 3189 1176 3259 impeditos:
1192 3190 1256 3258 (mit

77 3263 180 3315 rentur.
193 3291 226 3300 -
241 3267 266 3315 2.
282 3260 483 3315 secundiore
494 3289 527 3300 -
538 3276 638 3329 proe-
691 3261 718 3315 d.
729 3261 906 3331 Uebergang)
917 3259 1135 3330 beschtftigten.
1148 3261 1253 3315 -im-

78 3331 138 3386 lio:
162 3331 225 3386 Abi.
249 3332 308 3386 abs.
332 3331 381 3386 des
400 3331 535 3386 Grandes.
554 3361 588 3371 -
612 3337 637 3386 3.
691 3331 831 3400 pedites
847 3361 880 3371 -
896 3348 1009 3386 eorum
1028 3337 1138 3400 s.1,12
1158 3350 1192 3385 zu
1206 3348 1253 3386 eos

79 3401 353 3456 demonstratum
375 3402 438 3457 est:
461 3402 491 3456 in
514 3419 538 3455 o.
559 3407 583 3456 5.
603 3432 637 3442 -
691 3432 726 3442 —
745 3402 875 3456 concidit.
895 3433 929 3441 -
949 3409 973 3456 3.
993 3419 1052 3471 per
1069 3401 1100 3457 in
1119 3403 1181 3458 orel.
1201 3405 1253 3457 Be·

78 3479 103 3527 4.
132 3473 328 3527 castellum:
363 3473 413 3527 der
439 3472 641 3542 Briickenkopi
691 3473 1253 3543 dentung:‚,iiber-hinweg“.-mul-

78 3543 130 3596 aui
144 3544 209 3597 dem
223 3542 320 3597 linken
333 3543 408 3598 Uter.
420 3574 453 3583 -
468 3543 524 3597 oui
542 3559 637 3613 pree·
690 3543 856 3598 titudine:
870 3545 923 3597 mit
932 3543 1023 3598 einem
1033 3544 1138 3613 Hage13
1157 3544 1255 3598 diesen

79 3613 166 3667 erat:
186 3612 231 3666 die
249 3613 386 3683 pessende
404 3615 637 3684 Uebersetzungs-
692 3613 800 3683 Tropus
832 3615 885 3669 hot
916 3613 962 3668 die
994 3615 1133 3668 romische
1168 3615 1255 3668 Proso

79 3683 163 3737 weise
183 3684 292 3737 solcher
309 3683 452 3752 Adjectiv-
471 3684 538 3738 oder
556 3685 638 3740 itala·
691 3685 779 3741 nieht.
802 3715 836 3724 -
865 3685 924 3754 qui
948 3686 1173 3740 transierant:
1202 3685 1255 3738 ebe

77 3754 197 3808 tivsttze
209 3754 245 3808 ist
261 3754 347 3808 bitere
362 3755 495 3808 erwithnt.
507 3786 541 3795 -
554 3772 638 3824 pon·
692 3755 738 3810 die
752 3756 969 3823 obgesehiekten
980 3756 1084 3810 bttimer
1097 3756 1209 3809 komen.
1221 3785 1254 3794 -

78 3832 214 3893 temque
232 3825 548 3880 interscinderent:
564 3825 639 3880 donn
693 3833 718 3880 4.
737 3827 863 3881 Hostes
888 3825 914 3880 d
932 3826 951 3881 i.
971 3826 1021 3880 das
1040 3827 1079 3880 im
1098 3826 1189 3893 Lager
1207 3843 1255 3877 zu-

78 3895 248 3950 vermittelst
282 3895 373 3950 dieser
399 3896 510 3950 Brdcke
538 3896 640 3951 erhielt
692 3896 928 3968 ruckgebiiebene
946 3895 1099 3951 feindliche
1118 3896 1199 3950 Heer.
1220 3926 1253 3934 -

79 3983 109 4021 er
127 3982 182 4021 von
201 3967 255 4020 den
270 3965 391 4021 Remern
409 3966 454 4020 die
473 3967 584 4022 Zufuhr.
605 3999 637 4008 -
694 3969 734 4022 de
752 3967 985 4038 expugnando
1005 3966 1136 4035 oppido
1156 3967 1191 4020 et
1215 3966 1254 4020 de

77 4036 288 4107 potuissent:
311 4038 380 4091 iiber
404 4037 464 4091 dies
483 4037 566 4093 Wort
584 4039 641 4092 und
694 4039 839 4093 flumine
862 4037 1085 4092 transeundo:
1117 4036 1187 4091 fiber
1210 4036 1256 4091 dio

79 4107 274 4178 desfolgende
292 4108 477 4177 gerendum
494 4127 515 4162 s.
532 4115 560 4175 1,
577 4115 641 4163 asu
697 4109 827 4179 Stellung
854 4127 875 4164 s.
904 4114 933 4175 6,
963 4114 996 4162 12
1025 4125 1060 4161 zu
1087 4107 1256 4162 haberentur

77 4178 216 4234 inductus.
234 4210 266 4220 -
283 4178 390 4247 qui-
406 4181 519 4234 erant:
539 4179 641 4248 aliquis
696 4180 794 4236 Aedui.
810 4211 843 4220 -
862 4178 1132 4233 constituerunt:
1152 4177 1257 4232 erkltr·

78 4249 149 4304 mihi
167 4250 232 4304 usui
256 4253 300 4306 est
322 4250 359 4304 ad
377 4250 500 4319 aliquidss
523 4250 643 4304 Jemand
695 4253 744 4304 ten
762 4251 801 4304 sio
821 4253 880 4319 (zur
898 4249 1010 4303 Uebers.
1027 4266 1083 4303 von
1101 4249 1165 4303 dem
1185 4248 1258 4303 Sub·

78 4319 176 4376 leistet
201 4321 256 4376 mir
278 4320 324 4376 bei
348 4324 435 4377 etwas
458 4321 582 4376 Dionste.
608 4351 641 4360 -
697 4321 862 4376 stantirsatz
881 4321 995 4374 domum
1014 4351 1048 4362 -
1067 4319 1209 4375 revertis.
1232 4326 1256 4386 1,

80 4390 110 4446 si
127 4396 321 4462 possent-
337 4392 365 4447 si
383 4392 495 4448 minus
513 4391 642 4462 potuis·
697 4397 731 4446 33
751 4409 787 4445 zu
797 4390 942 4462 punistim
952 4393 1065 4458 autent
1078 4391 1146 4442 nnn
1158 4391 1289 4457 sesmon-
