2804 4778
188 209 252 272 126
589 206 637 261 DE
656 205 774 261 BELLO
794 206 951 262 Gannico

185 374 218 435 L.
242 373 326 434 Cotta
350 374 446 455 legati,
470 375 520 452 qrri
543 376 573 433 in
596 373 799 453 Menapiorum
822 373 896 432 lines
924 370 1056 451 legiones
1079 373 1242 455 duxerant,
1266 379 1358 437 omni·

186 463 242 524 bus
273 480 382 522 eornm·
408 464 486 540 agris
518 463 651 541 vastatis,
683 461 841 522 frumentis
874 457 1012 542 succisis,
1043 461 1186 522 aediliciis
1214 464 1360 545 incensis,

188 550 265 629 quod
293 549 420 628 Menapii
448 568 479 610 se
508 567 611 610 omnes
644 551 676 608 in
708 549 899 609 densissimas
932 548 1018 609 silvas
1046 549 1235 633 abdiderant,
1263 570 1297 612 se
1325 552 1360 614 ad

151 650 168 697 4
188 638 342 699 Caesarem
365 645 553 717 receperunt.
600 636 707 698 Caesar
730 639 761 697 in
784 635 882 715 Belgis
905 639 1037 698 omnium
1062 637 1212 717 legionum
1234 639 1361 702 hiberna

187 728 349 787 constituit.
386 725 430 785 Eo
449 725 523 787 duae
547 727 668 786 omnino
687 727 819 786 civitates
838 743 875 784 ex
892 723 1044 786 Britannia
1066 726 1185 787 obsides
1203 729 1360 810 miserunt,

151 825 168 874 s
186 815 319 894 reliquae
342 813 544 892 neglexerunt.
585 813 639 873 llis
661 813 753 874 rebus
775 814 867 892 gestis
891 831 928 872 ex
951 813 1060 875 litteris
1083 813 1220 876 Caesaris
1242 815 1361 878 dierum

187 902 241 962 XX
264 902 440 982 supplicatio
464 921 479 961 a
504 909 608 962 senatu
631 901 751 962 decreta
774 908 828 962 est.

503 1388 546 1471 Ο.
577 1390 727 1472 IULII
759 1387 1041 1473 CAESARIS

749 1541 798 1595 DE

408 1667 694 1766 BELLO
741 1668 1139 1769 GALLIOO

533 1856 823 1912 COMMENTARIUS
843 1806 1011 1922 alimus

277 2037 304 2100 1.
327 2038 419 2101 lucio
443 2039 579 2120 Domitio,
602 2041 695 2120 Appio
719 2038 840 2100 Claudio
868 2039 1040 2100 consulibus
1068 2040 1226 2103 discedens
1256 2043 1292 2104 ab
1316 2045 1359 2105 hi-

186 2128 288 2188 bernis
311 2127 418 2188 Caesar
441 2130 472 2188 in
490 2127 612 2208 ltaliam,
634 2137 668 2188 ut
691 2129 848 2207 quotannis
871 2129 969 2188 lacero
988 2136 1155 2210 consuerat,
1177 2129 1285 2209 legatis
1303 2135 1356 2194 im·

186 2223 279 2295 perat,
298 2233 372 2293 quos
393 2215 558 2292 legionibus
576 2216 768 2295 praefecerat,
787 2218 831 2276 uti
850 2233 937 2294 quam
956 2215 1098 2296 plurimas
1116 2227 1242 2296 possent
1259 2219 1357 2281 hieme

187 2299 275 2362 naves
298 2301 492 2362 aedificandas
515 2310 689 2381 veteresque
713 2303 886 2364 reficiendas
910 2312 1057 2365 curarent.
1101 2304 1213 2367 Earum
1236 2307 1359 2369 modum

152 2391 371 2468 aiormamque
400 2389 590 2450 demonstrat.
635 2390 884 2452 Adceleritatem
912 2392 1055 2453 onerandi
1083 2393 1357 2476 subductionesque

187 2477 274 2555 paulo
302 2478 372 2538 lacit
398 2476 585 2559 humiliores,
612 2496 699 2556 quam
728 2478 836 2558 quibus
868 2482 900 2540 in
928 2489 1030 2541 nostro
1057 2483 1133 2542 mari
1159 2485 1205 2543 uti
1232 2502 1357 2546 consue·

187 2567 299 2646 vimus,
325 2573 413 2644 atque
442 2565 471 2625 id
505 2584 540 2626 eo
568 2567 674 2647 magis,
702 2566 781 2645 quod
807 2576 930 2648 propter
963 2568 1083 2629 crebras
1111 2575 1359 2634 commutationes

186 2794 212 2911 l?
227 2787 745 2929 imitabilibus·ii
798 2790 1360 2934 {blittiit‘gbatilhtli

187 2928 343 2984 bekanntes
374 2929 544 2998 Asyndeton.
578 2959 612 2969 -
648 2934 674 2984 ὅ.
707 2945 746 2983 ex
800 2928 885 2984 Casar
906 2931 987 2986 hatte
1010 2932 1101 2986 einem
1119 2932 1206 3003 jeden
1229 2951 1288 2990 von
1306 2935 1359 2991 den

186 2999 333 3054 litteris:
364 3017 410 3055 ex:
438 3006 559 3068 gemam,
586 2999 617 3054 in
643 2998 745 3069 Folge;
799 3001 866 3060 aoht
879 2999 1005 3070 Legaten
1023 3003 1077 3056 den
1091 3001 1190 3058 Befehl
1207 3004 1358 3061 iibereine

186 3068 302 3124 litteris:
328 3071 450 3125 Bericht.
475 3100 508 3109 -
536 3069 666 3124 dierum
689 3069 746 3123 XX
799 3070 848 3124 der
879 3071 946 3152 achi
976 3072 1119 3141 Legionen
1154 3075 1292 3199 gelgeben.
1326 3107 1360 3118 -

188 3140 402 3209 snpplicatio
427 3140 533 3195 nonnae
557 3141 630 3194 nach
654 3147 685 3210 2,
710 3146 744 3195 35
799 3140 1040 3201 aedificandas
1075 3173 1111 3183 -
1146 3145 1360 3214 reiciendas

188 3211 260 3263 auch
278 3209 405 3265 heissen?
801 3212 974 3266 curarent:
1001 3212 1126 3282 Beispiel
1150 3213 1197 3268 fdr
1224 3215 1280 3271 den
1308 3217 1359 3272 Ga

799 3281 905 3336 brauch
923 3283 971 3337 dea
991 3282 1155 3338 Gerundivs.
1182 3283 1359 3357 vergitur

205 3384 226 3439 I.
254 3383 307 3438 Die
325 3385 503 3455 Zriohtigung
521 3385 571 3438 der
588 3385 726 3441 Pirusten.
799 3351 1068 3479 glfffoessgffiffl‘llffi·
1087 3385 1126 3464 J
1145 3353 1358 3482 ξῦἔῇῗήῗῗζ

329 3490 410 3545 Jahr:
440 3496 474 3544 54
492 3509 518 3546 v.
538 3489 602 3547 Chr.
797 3494 867 3548 tem
880 3494 940 3548 iihs.
955 3494 1043 3549 durch
1056 3495 1103 3550 ein
1116 3495 1289 3552 adverbium
1303 3497 1360 3553 und

419 3594 460 3663 (Ο.
480 3598 515 3665 1.)
798 3563 1216 3691 ἱαὴᾶυοὲὶἓέθὶᾳυὲὲωὸὴ
1229 3566 1359 3705 dm}

306 3668 311 3677 ,
818 3651 873 3689 um.
902 3665 935 3674 -
1002 3652 1062 3690 cr:
1199 3679 1205 3692 .

224 3701 290 3770 Cap.
302 3707 326 3758 1.
343 3708 366 3755 1.
381 3702 411 3755 L.
427 3701 579 3757 Domitio
594 3733 630 3742 -
645 3700 745 3756 Olau-
797 3703 835 3757 ist
858 3703 901 3759 oft
920 3704 966 3762 im
983 3705 1067 3760 Verb.
1091 3706 1178 3761 solbet
1203 3679 1359 3776 eichaha,

187 3772 258 3828 dio:
282 3773 351 3827 iiber
374 3772 424 3826 das
442 3773 605 3841 Asyndeton
624 3771 701 3828 siche
721 3780 744 3842 1,
799 3774 836 3828 da
853 3791 920 3829 man
941 3775 981 3829 im
999 3775 1196 3831 Lateiniaohen
1218 3796 1255 3832 zu
1272 3795 1358 3851 sagon

188 3850 204 3898 6
229 3843 288 3897 und
312 3848 362 3908 353
388 3843 469 3898 stelle
494 3862 552 3898 nun
574 3843 620 3899 die
643 3843 672 3897 in
690 3843 746 3898 den
798 3845 899 3914 pflegt,
925 3845 1044 3901 Jemand
1066 3846 1136 3902 thus
1162 3846 1264 3915 (solbat
1287 3849 1357 3920 das),

185 3914 318 3969 friheren
327 3913 627 3970 Biichernerwhhnten
635 3914 746 3969 under·
799 3932 857 3970 was
871 3932 901 3970 er
914 3916 1001 3970 durch
1019 3916 1122 3972 andero
1140 3916 1212 3972 thun
1229 3918 1309 3976 larsa
1324 3950 1357 3960 -

186 3984 453 4054 klartenAsyndeta
471 4001 638 4054 zusammen,
656 3985 745 4053 vergl
799 4002 899 4054 quam
931 3986 1057 4054 quibus
1089 3987 1115 4042 d.
1143 3986 1162 4042 i.
1190 4004 1276 4057 quam
1309 4006 1359 4047 eae

187 4072 221 4107 nu
241 4061 264 4125 1,
285 4061 299 4109 7
318 4055 377 4109 und
395 4061 443 4122 223
463 4055 646 4125 1,20Enda;
667 4062 691 4124 1,
709 4061 744 4109 32
799 4058 877 4126 suni,
909 4055 1017 4125 quibus
1046 4087 1079 4098 -
1111 4060 1230 4112 nostro
1262 4060 1358 4117 meri:

187 4124 265 4179 Ende
283 4126 341 4180 und
358 4132 393 4180 39
411 4125 570 4182 incredibili
587 4126 701 4189 virtute,
720 4133 745 4195 1,
799 4126 849 4180 das
876 4143 913 4180 an
939 4126 1041 4182 Italion
1067 4129 1275 4199 angrouzende‚
1308 4131 1358 4187 dns

187 4200 222 4249 35
241 4196 298 4250 und
316 4203 343 4265 4,
362 4203 395 4252 27
415 4198 471 4252 und
490 4203 605 4264 o,5.-
623 4196 658 4250 in
676 4197 745 4250 lta·
799 4196 1037 4252 mittellbndiaohe
1068 4199 1154 4253 Mser.
1187 4228 1221 4240 ·-
1254 4201 1358 4272 abque

187 4265 270 4320 liam
289 4291 323 4314 a
340 4267 371 4321 in
390 4267 548 4323 citeriorem
562 4266 697 4336 Galliam,
715 4266 746 4320 in
798 4266 846 4322 id:
869 4267 937 4321 iiber
961 4269 1047 4337 atque
1070 4267 1147 4324 siche
1170 4275 1200 4338 1,
1217 4276 1269 4341 47,
1288 4278 1306 4327 2
1324 4289 1359 4327 nu

187 4335 308 4390 welcher
325 4336 445 4392 Absicht
463 4355 483 4394 s.
500 4343 525 4405 1,
540 4343 582 4394 54.
600 4368 633 4378 -
652 4338 746 4407 lega·
800 4338 830 4393 ei
852 4353 886 4392 eo
908 4339 1011 4410 magis,
1033 4338 1092 4394 und
1115 4345 1145 4408 3,
1169 4345 1185 4394 2
1208 4358 1244 4396 zu
1265 4358 1359 4413 neque
