<?xml version="1.0" encoding="UTF-8"?>
<!DOCTYPE html PUBLIC "-//W3C//DTD XHTML 1.0 Transitional//EN"
    "http://www.w3.org/TR/xhtml1/DTD/xhtml1-transitional.dtd">
<html xmlns="http://www.w3.org/1999/xhtml" xml:lang="en" lang="en">
 <head>
  <title>
</title>
<meta http-equiv="Content-Type" content="text/html;charset=utf-8" />
  <meta name='ocr-system' content='tesseract 3.04.00' />
  <meta name='ocr-capabilities' content='ocr_page ocr_carea ocr_par ocr_line ocrx_word'/>
</head>
<body>
  <div class='ocr_page' id='page_1' title='image "./ciuliicaesarisc00dobegoog_0029.png"; bbox 0 0 2804 4778; ppageno 0'>
   <div class='ocr_carea' id='block_1_1' title="bbox 486 233 1223 296">
    <p class='ocr_par' dir='ltr' id='par_1_1' title="bbox 486 233 1223 296">
     <span class='ocr_line' id='line_1_1' title="bbox 486 233 1223 296; baseline 0.003 -2"><span class='ocrx_word' id='word_1_1' title='bbox 486 239 554 294; x_wconf 85' lang='lat' dir='ltr'><strong>LlB.</strong></span> <span class='ocrx_word' id='word_1_2' title='bbox 573 239 594 294; x_wconf 93' lang='grc' dir='ltr'><strong>Ι.</strong></span> <span class='ocrx_word' id='word_1_3' title='bbox 623 237 700 293; x_wconf 80' lang='lat' dir='ltr'><strong>uAP.</strong></span> <span class='ocrx_word' id='word_1_4' title='bbox 719 244 797 293; x_wconf 79' lang='lat' dir='ltr'><strong>e-t.</strong></span> <span class='ocrx_word' id='word_1_5' title='bbox 1205 233 1223 296; x_wconf 78' lang='grc'><strong>7</strong></span> 
     </span>
    </p>
   </div>
   <div class='ocr_carea' id='block_1_2' title="bbox 49 403 1258 1904">
    <p class='ocr_par' dir='ltr' id='par_1_2' title="bbox 49 403 1258 820">
     <span class='ocr_line' id='line_1_2' title="bbox 52 403 1222 485; baseline -0.001 -21"><span class='ocrx_word' id='word_1_6' title='bbox 52 404 197 484; x_wconf 79' lang='lat' dir='ltr'><strong>populum</strong></span> <span class='ocrx_word' id='word_1_7' title='bbox 221 405 386 466; x_wconf 86' lang='lat' dir='ltr'><strong>Romanum</strong></span> <span class='ocrx_word' id='word_1_8' title='bbox 411 406 595 485; x_wconf 77' lang='lat' dir='ltr'><strong>siderentur,</strong></span> <span class='ocrx_word' id='word_1_9' title='bbox 623 403 842 484; x_wconf 81' lang='lat' dir='ltr'><strong>existimabant,</strong></span> <span class='ocrx_word' id='word_1_10' title='bbox 871 404 915 465; x_wconf 81' lang='lat' dir='ltr'><strong>rel</strong></span> <span class='ocrx_word' id='word_1_11' title='bbox 944 405 972 463; x_wconf 92' lang='lat' dir='ltr'><strong>vi</strong></span> <span class='ocrx_word' id='word_1_12' title='bbox 996 411 1165 484; x_wconf 76' lang='lat' dir='ltr'>coacturos,</span> <span class='ocrx_word' id='word_1_13' title='bbox 1189 411 1222 463; x_wconf 88' lang='lat' dir='ltr'><strong>ut</strong></span> 
     </span>
     <span class='ocr_line' id='line_1_3' title="bbox 52 491 1258 573; baseline -0.002 -20"><span class='ocrx_word' id='word_1_14' title='bbox 52 511 108 573; x_wconf 80' lang='lat' dir='ltr'><strong>per</strong></span> <span class='ocrx_word' id='word_1_15' title='bbox 132 512 202 554; x_wconf 91' lang='lat' dir='ltr'><strong>suos</strong></span> <span class='ocrx_word' id='word_1_16' title='bbox 230 495 304 554; x_wconf 86' lang='lat' dir='ltr'><strong>lines</strong></span> <span class='ocrx_word' id='word_1_17' title='bbox 334 512 385 554; x_wconf 91' lang='lat' dir='ltr'><strong>eos</strong></span> <span class='ocrx_word' id='word_1_18' title='bbox 411 496 455 554; x_wconf 89' lang='lat' dir='ltr'><strong>ire</strong></span> <span class='ocrx_word' id='word_1_19' title='bbox 484 502 664 573; x_wconf 90' lang='lat' dir='ltr'><strong>paterentur.</strong></span> <span class='ocrx_word' id='word_1_20' title='bbox 711 491 855 553; x_wconf 89' lang='lat' dir='ltr'>Omnibus</span> <span class='ocrx_word' id='word_1_21' title='bbox 883 491 973 554; x_wconf 92' lang='lat' dir='ltr'><strong>rebus</strong></span> <span class='ocrx_word' id='word_1_22' title='bbox 1001 491 1036 551; x_wconf 95' lang='lat' dir='ltr'><strong>ad</strong></span> <span class='ocrx_word' id='word_1_23' title='bbox 1064 492 1258 570; x_wconf 83' lang='lat' dir='ltr'><strong>proiectis-4</strong></span> 
     </span>
     <span class='ocr_line' id='line_1_4' title="bbox 55 580 1222 661; baseline -0.002 -19"><span class='ocrx_word' id='word_1_24' title='bbox 55 600 122 642; x_wconf 88' lang='lat' dir='ltr'><strong>uem</strong></span> <span class='ocrx_word' id='word_1_25' title='bbox 153 585 330 661; x_wconf 86' lang='lat' dir='ltr'><strong>comparatis</strong></span> <span class='ocrx_word' id='word_1_26' title='bbox 356 583 434 643; x_wconf 91' lang='lat' dir='ltr'><strong>diem</strong></span> <span class='ocrx_word' id='word_1_27' title='bbox 462 582 577 661; x_wconf 92' lang='lat' dir='ltr'><strong>dicunt,</strong></span> <span class='ocrx_word' id='word_1_28' title='bbox 606 600 663 660; x_wconf 87' lang='lat' dir='ltr'><strong>qua</strong></span> <span class='ocrx_word' id='word_1_29' title='bbox 692 582 738 642; x_wconf 92' lang='lat' dir='ltr'><strong>die</strong></span> <span class='ocrx_word' id='word_1_30' title='bbox 767 581 803 641; x_wconf 97' lang='lat' dir='ltr'><strong>ad</strong></span> <span class='ocrx_word' id='word_1_31' title='bbox 835 583 928 661; x_wconf 83' lang='lat' dir='ltr'>ripam</span> <span class='ocrx_word' id='word_1_32' title='bbox 956 580 1090 641; x_wconf 85' lang='lat' dir='ltr'><strong>Rhodani</strong></span> <span class='ocrx_word' id='word_1_33' title='bbox 1119 599 1222 640; x_wconf 90' lang='lat' dir='ltr'><strong>omues</strong></span> 
     </span>
     <span class='ocr_line' id='line_1_5' title="bbox 49 667 1221 750; baseline -0.003 -19"><span class='ocrx_word' id='word_1_34' title='bbox 49 672 240 731; x_wconf 87' lang='lat' dir='ltr'><strong>conveniant.</strong></span> <span class='ocrx_word' id='word_1_35' title='bbox 285 670 313 731; x_wconf 91' lang='lat' dir='ltr'><strong>ls</strong></span> <span class='ocrx_word' id='word_1_36' title='bbox 336 671 399 731; x_wconf 90' lang='lat' dir='ltr'><strong>dies</strong></span> <span class='ocrx_word' id='word_1_37' title='bbox 423 681 486 732; x_wconf 89' lang='lat' dir='ltr'><strong>erat</strong></span> <span class='ocrx_word' id='word_1_38' title='bbox 509 690 532 732; x_wconf 92' lang='lat' dir='ltr'><strong>a.</strong></span> <span class='ocrx_word' id='word_1_39' title='bbox 560 671 587 731; x_wconf 93' lang='lat' dir='ltr'><strong>d.</strong></span> <span class='ocrx_word' id='word_1_40' title='bbox 611 670 642 730; x_wconf 84' lang='lat' dir='ltr'><strong>V.</strong></span> <span class='ocrx_word' id='word_1_41' title='bbox 665 671 727 731; x_wconf 88' lang='lat' dir='ltr'><strong>lial.</strong></span> <span class='ocrx_word' id='word_1_42' title='bbox 750 672 818 750; x_wconf 81' lang='lat' dir='ltr'><strong>Apr.</strong></span> <span class='ocrx_word' id='word_1_43' title='bbox 843 668 873 728; x_wconf 88' lang='lat' dir='ltr'><strong>L.</strong></span> <span class='ocrx_word' id='word_1_44' title='bbox 897 669 1019 750; x_wconf 84' lang='lat' dir='ltr'><strong>Pisone,</strong></span> <span class='ocrx_word' id='word_1_45' title='bbox 1042 669 1074 729; x_wconf 87' lang='grc' dir='ltr'><strong>Α.</strong></span> <span class='ocrx_word' id='word_1_46' title='bbox 1098 667 1221 730; x_wconf 88' lang='lat' dir='ltr'><strong>Gabinio</strong></span> 
     </span>
     <span class='ocr_line' id='line_1_6' title="bbox 50 758 305 820; baseline -0.008 -1"><span class='ocrx_word' id='word_1_47' title='bbox 50 758 234 820; x_wconf 88' lang='lat' dir='ltr'><strong>consulibus.</strong></span> <span class='ocrx_word' id='word_1_48' title='bbox 303 799 305 802; x_wconf 91' lang='lat'>-</span> 
     </span>
    </p>

    <p class='ocr_par' dir='ltr' id='par_1_3' title="bbox 49 845 1256 1904">
     <span class='ocr_line' id='line_1_7' title="bbox 145 845 1221 927; baseline -0.003 -19"><span class='ocrx_word' id='word_1_49' title='bbox 145 845 172 908; x_wconf 80' lang='grc'><strong>7.</strong></span> <span class='ocrx_word' id='word_1_50' title='bbox 196 847 314 908; x_wconf 81' lang='lat' dir='ltr'><strong>Caesari</strong></span> <span class='ocrx_word' id='word_1_51' title='bbox 342 867 410 908; x_wconf 94' lang='lat' dir='ltr'><strong>cum</strong></span> <span class='ocrx_word' id='word_1_52' title='bbox 437 850 466 909; x_wconf 91' lang='lat' dir='ltr'><strong>id</strong></span> <span class='ocrx_word' id='word_1_53' title='bbox 495 851 662 909; x_wconf 88' lang='lat' dir='ltr'><strong>nuutiatum</strong></span> <span class='ocrx_word' id='word_1_54' title='bbox 685 856 776 927; x_wconf 90' lang='lat' dir='ltr'><strong>esset,</strong></span> <span class='ocrx_word' id='word_1_55' title='bbox 805 866 856 908; x_wconf 91' lang='lat' dir='ltr'><strong>eos</strong></span> <span class='ocrx_word' id='word_1_56' title='bbox 884 865 938 926; x_wconf 92' lang='lat' dir='ltr'><strong>per</strong></span> <span class='ocrx_word' id='word_1_57' title='bbox 966 848 1146 926; x_wconf 86' lang='lat' dir='ltr'><strong>provinciam</strong></span> <span class='ocrx_word' id='word_1_58' title='bbox 1170 864 1221 906; x_wconf 91' lang='lat' dir='ltr'><strong>no·</strong></span> 
     </span>
     <span class='ocr_line' id='line_1_8' title="bbox 52 935 1220 1017; baseline -0.003 -20"><span class='ocrx_word' id='word_1_59' title='bbox 52 946 146 997; x_wconf 88' lang='lat' dir='ltr'><strong>stram</strong></span> <span class='ocrx_word' id='word_1_60' title='bbox 170 938 228 996; x_wconf 91' lang='lat' dir='ltr'><strong>iter</strong></span> <span class='ocrx_word' id='word_1_61' title='bbox 256 936 353 996; x_wconf 89' lang='lat' dir='ltr'><strong>iacere</strong></span> <span class='ocrx_word' id='word_1_62' title='bbox 382 940 495 1017; x_wconf 90' lang='lat' dir='ltr'><strong>conari,</strong></span> <span class='ocrx_word' id='word_1_63' title='bbox 519 945 647 997; x_wconf 89' lang='lat' dir='ltr'><strong>maturat</strong></span> <span class='ocrx_word' id='word_1_64' title='bbox 670 936 705 996; x_wconf 92' lang='lat' dir='ltr'><strong>ab</strong></span> <span class='ocrx_word' id='word_1_65' title='bbox 729 935 802 997; x_wconf 91' lang='lat' dir='ltr'><strong>urbe</strong></span> <span class='ocrx_word' id='word_1_66' title='bbox 826 936 975 1014; x_wconf 83' lang='lat' dir='ltr'><strong>proticisci</strong></span> <span class='ocrx_word' id='word_1_67' title='bbox 998 943 1028 995; x_wconf 90' lang='lat' dir='ltr'><strong>et</strong></span> <span class='ocrx_word' id='word_1_68' title='bbox 1051 952 1138 1013; x_wconf 88' lang='lat' dir='ltr'><strong>quam</strong></span> <span class='ocrx_word' id='word_1_69' title='bbox 1160 953 1220 994; x_wconf 94' lang='lat' dir='ltr'><strong>ma-</strong></span> 
     </span>
     <span class='ocr_line' id='line_1_9' title="bbox 53 1023 1220 1103; baseline -0.003 -18"><span class='ocrx_word' id='word_1_70' title='bbox 53 1027 140 1085; x_wconf 83' lang='lat' dir='ltr'><strong>ximis</strong></span> <span class='ocrx_word' id='word_1_71' title='bbox 176 1032 277 1103; x_wconf 89' lang='lat' dir='ltr'><strong>potest</strong></span> <span class='ocrx_word' id='word_1_72' title='bbox 314 1025 472 1086; x_wconf 83' lang='lat' dir='ltr'><strong>itineribus</strong></span> <span class='ocrx_word' id='word_1_73' title='bbox 509 1027 540 1084; x_wconf 90' lang='lat' dir='ltr'><strong>iu</strong></span> <span class='ocrx_word' id='word_1_74' title='bbox 573 1025 693 1085; x_wconf 87' lang='lat' dir='ltr'><strong>Galliam</strong></span> <span class='ocrx_word' id='word_1_75' title='bbox 731 1024 902 1085; x_wconf 82' lang='lat' dir='ltr'><strong>ulteriorem</strong></span> <span class='ocrx_word' id='word_1_76' title='bbox 940 1023 1103 1084; x_wconf 82' lang='lat' dir='ltr'><strong>contendit</strong></span> <span class='ocrx_word' id='word_1_77' title='bbox 1123 1032 1153 1085; x_wconf 91' lang='lat' dir='ltr'><strong>et</strong></span> <span class='ocrx_word' id='word_1_78' title='bbox 1184 1024 1220 1083; x_wconf 94' lang='lat' dir='ltr'><strong>ad</strong></span> 
     </span>
     <span class='ocr_line' id='line_1_10' title="bbox 49 1111 1255 1192; baseline -0.002 -19"><span class='ocrx_word' id='word_1_79' title='bbox 49 1113 201 1173; x_wconf 83' lang='lat' dir='ltr'><strong>Genavam</strong></span> <span class='ocrx_word' id='word_1_80' title='bbox 222 1115 365 1192; x_wconf 86' lang='lat' dir='ltr'><strong>pervenit.</strong></span> <span class='ocrx_word' id='word_1_81' title='bbox 406 1114 578 1175; x_wconf 83' lang='lat' dir='ltr'><strong>Provinciae</strong></span> <span class='ocrx_word' id='word_1_82' title='bbox 602 1116 657 1174; x_wconf 92' lang='lat' dir='ltr'><strong>toti</strong></span> <span class='ocrx_word' id='word_1_83' title='bbox 680 1132 768 1192; x_wconf 90' lang='lat' dir='ltr'><strong>quam</strong></span> <span class='ocrx_word' id='word_1_84' title='bbox 791 1114 950 1173; x_wconf 81' lang='lat' dir='ltr'><strong>maximum</strong></span> <span class='ocrx_word' id='word_1_85' title='bbox 972 1120 1072 1191; x_wconf 90' lang='lat' dir='ltr'><strong>potest</strong></span> <span class='ocrx_word' id='word_1_86' title='bbox 1095 1111 1255 1172; x_wconf 83' lang='lat' dir='ltr'><strong>militun12</strong></span> 
     </span>
     <span class='ocr_line' id='line_1_11' title="bbox 53 1195 1220 1283; baseline -0.001 -22"><span class='ocrx_word' id='word_1_87' title='bbox 53 1219 211 1263; x_wconf 90' lang='lat' dir='ltr'><strong>numerum</strong></span> <span class='ocrx_word' id='word_1_88' title='bbox 243 1204 369 1281; x_wconf 87' lang='lat' dir='ltr'><strong>imperat</strong></span> <span class='ocrx_word' id='word_1_89' title='bbox 402 1198 479 1283; x_wconf 90' lang='lat' dir='ltr'><strong>(erat</strong></span> <span class='ocrx_word' id='word_1_90' title='bbox 512 1204 630 1263; x_wconf 90' lang='lat' dir='ltr'><strong>omniuo</strong></span> <span class='ocrx_word' id='word_1_91' title='bbox 666 1204 697 1261; x_wconf 91' lang='lat' dir='ltr'><strong>in</strong></span> <span class='ocrx_word' id='word_1_92' title='bbox 731 1200 820 1261; x_wconf 84' lang='lat' dir='ltr'><strong>Gallia</strong></span> <span class='ocrx_word' id='word_1_93' title='bbox 854 1201 997 1262; x_wconf 89' lang='lat' dir='ltr'><strong>ulteriore</strong></span> <span class='ocrx_word' id='word_1_94' title='bbox 1028 1200 1105 1279; x_wconf 80' lang='lat' dir='ltr'><strong>legio</strong></span> <span class='ocrx_word' id='word_1_95' title='bbox 1138 1195 1220 1282; x_wconf 92' lang='lat' dir='ltr'><strong>una),</strong></span> 
     </span>
     <span class='ocr_line' id='line_1_12' title="bbox 51 1289 1255 1370; baseline 0 -21"><span class='ocrx_word' id='word_1_96' title='bbox 51 1298 188 1370; x_wconf 87' lang='lat' dir='ltr'><strong>pontem,</strong></span> <span class='ocrx_word' id='word_1_97' title='bbox 216 1293 268 1368; x_wconf 88' lang='lat' dir='ltr'><strong>qui</strong></span> <span class='ocrx_word' id='word_1_98' title='bbox 296 1298 359 1351; x_wconf 89' lang='lat' dir='ltr'><strong>erat</strong></span> <span class='ocrx_word' id='word_1_99' title='bbox 386 1291 421 1350; x_wconf 94' lang='lat' dir='ltr'><strong>ad</strong></span> <span class='ocrx_word' id='word_1_100' title='bbox 450 1289 608 1370; x_wconf 87' lang='lat' dir='ltr'><strong>Genavam,</strong></span> <span class='ocrx_word' id='word_1_101' title='bbox 635 1289 718 1351; x_wconf 91' lang='lat' dir='ltr'><strong>iubet</strong></span> <span class='ocrx_word' id='word_1_102' title='bbox 746 1289 883 1350; x_wconf 83' lang='lat' dir='ltr'><strong>rescindi.</strong></span> <span class='ocrx_word' id='word_1_103' title='bbox 919 1289 986 1350; x_wconf 65' lang='lat' dir='ltr'><strong>‘Ubi</strong></span> <span class='ocrx_word' id='word_1_104' title='bbox 1014 1289 1050 1349; x_wconf 92' lang='lat' dir='ltr'><strong>de</strong></span> <span class='ocrx_word' id='word_1_105' title='bbox 1079 1291 1144 1350; x_wconf 91' lang='lat' dir='ltr'><strong>eius</strong></span> <span class='ocrx_word' id='word_1_106' title='bbox 1171 1289 1255 1349; x_wconf 80' lang='lat' dir='ltr'><strong>ada</strong></span> 
     </span>
     <span class='ocr_line' id='line_1_13' title="bbox 51 1376 1219 1459; baseline 0 -21"><span class='ocrx_word' id='word_1_107' title='bbox 51 1387 142 1439; x_wconf 87' lang='lat' dir='ltr'><strong>ventu</strong></span> <span class='ocrx_word' id='word_1_108' title='bbox 165 1377 291 1439; x_wconf 89' lang='lat' dir='ltr'><strong>Helvetii</strong></span> <span class='ocrx_word' id='word_1_109' title='bbox 320 1382 464 1440; x_wconf 88' lang='lat' dir='ltr'><strong>certiores</strong></span> <span class='ocrx_word' id='word_1_110' title='bbox 492 1381 561 1440; x_wconf 85' lang='lat' dir='ltr'><strong>iacti</strong></span> <span class='ocrx_word' id='word_1_111' title='bbox 584 1386 667 1459; x_wconf 92' lang='lat' dir='ltr'><strong>sunt,</strong></span> <span class='ocrx_word' id='word_1_112' title='bbox 694 1378 805 1457; x_wconf 85' lang='lat' dir='ltr'><strong>legatos</strong></span> <span class='ocrx_word' id='word_1_113' title='bbox 836 1377 871 1438; x_wconf 91' lang='lat' dir='ltr'><strong>ad</strong></span> <span class='ocrx_word' id='word_1_114' title='bbox 900 1397 969 1438; x_wconf 92' lang='lat' dir='ltr'><strong>eum</strong></span> <span class='ocrx_word' id='word_1_115' title='bbox 992 1379 1113 1438; x_wconf 90' lang='lat' dir='ltr'><strong>mittunt</strong></span> <span class='ocrx_word' id='word_1_116' title='bbox 1137 1376 1219 1438; x_wconf 91' lang='lat' dir='ltr'><strong>nobi·</strong></span> 
     </span>
     <span class='ocr_line' id='line_1_14' title="bbox 49 1466 1220 1548; baseline -0.001 -22"><span class='ocrx_word' id='word_1_117' title='bbox 49 1466 180 1527; x_wconf 88' lang='lat' dir='ltr'><strong>lissimos</strong></span> <span class='ocrx_word' id='word_1_118' title='bbox 203 1469 342 1548; x_wconf 86' lang='lat' dir='ltr'><strong>civitatis,</strong></span> <span class='ocrx_word' id='word_1_119' title='bbox 370 1470 455 1529; x_wconf 91' lang='lat' dir='ltr'><strong>cuius</strong></span> <span class='ocrx_word' id='word_1_120' title='bbox 477 1469 631 1547; x_wconf 75' lang='lat' dir='ltr'><strong>legationis</strong></span> <span class='ocrx_word' id='word_1_121' title='bbox 659 1467 830 1528; x_wconf 91' lang='lat' dir='ltr'><strong>Nammeius</strong></span> <span class='ocrx_word' id='word_1_122' title='bbox 853 1474 883 1527; x_wconf 92' lang='lat' dir='ltr'><strong>et</strong></span> <span class='ocrx_word' id='word_1_123' title='bbox 911 1466 1115 1528; x_wconf 86' lang='lat' dir='ltr'><strong>Verucloetius</strong></span> <span class='ocrx_word' id='word_1_124' title='bbox 1138 1468 1220 1545; x_wconf 88' lang='lat' dir='ltr'><strong>prin-</strong></span> 
     </span>
     <span class='ocr_line' id='line_1_15' title="bbox 50 1553 1219 1638; baseline -0.003 -22"><span class='ocrx_word' id='word_1_125' title='bbox 50 1557 148 1634; x_wconf 86' lang='lat' dir='ltr'><strong>cipem</strong></span> <span class='ocrx_word' id='word_1_126' title='bbox 171 1555 269 1616; x_wconf 92' lang='lat' dir='ltr'><strong>locum</strong></span> <span class='ocrx_word' id='word_1_127' title='bbox 292 1555 472 1638; x_wconf 90' lang='lat' dir='ltr'><strong>obtinebant,</strong></span> <span class='ocrx_word' id='word_1_128' title='bbox 495 1559 547 1636; x_wconf 88' lang='lat' dir='ltr'><strong>qui</strong></span> <span class='ocrx_word' id='word_1_129' title='bbox 569 1557 703 1617; x_wconf 89' lang='lat' dir='ltr'><strong>dicerent</strong></span> <span class='ocrx_word' id='word_1_130' title='bbox 727 1556 783 1616; x_wconf 92' lang='lat' dir='ltr'><strong>sibi</strong></span> <span class='ocrx_word' id='word_1_131' title='bbox 807 1573 872 1616; x_wconf 91' lang='lat' dir='ltr'><strong>esse</strong></span> <span class='ocrx_word' id='word_1_132' title='bbox 896 1557 926 1615; x_wconf 91' lang='lat' dir='ltr'><strong>in</strong></span> <span class='ocrx_word' id='word_1_133' title='bbox 950 1557 1046 1615; x_wconf 94' lang='lat' dir='ltr'><strong>animo</strong></span> <span class='ocrx_word' id='word_1_134' title='bbox 1071 1557 1134 1615; x_wconf 90' lang='lat' dir='ltr'><strong>siue</strong></span> <span class='ocrx_word' id='word_1_135' title='bbox 1160 1553 1219 1614; x_wconf 94' lang='lat' dir='ltr'><strong>ullo</strong></span> 
     </span>
     <span class='ocr_line' id='line_1_16' title="bbox 50 1642 1220 1725; baseline -0.002 -22"><span class='ocrx_word' id='word_1_136' title='bbox 50 1642 195 1704; x_wconf 85' lang='lat' dir='ltr'><strong>maleficio</strong></span> <span class='ocrx_word' id='word_1_137' title='bbox 227 1646 284 1704; x_wconf 90' lang='lat' dir='ltr'><strong>iter</strong></span> <span class='ocrx_word' id='word_1_138' title='bbox 315 1663 370 1723; x_wconf 86' lang='lat' dir='ltr'><strong>per</strong></span> <span class='ocrx_word' id='word_1_139' title='bbox 401 1648 582 1724; x_wconf 83' lang='lat' dir='ltr'><strong>provinciam</strong></span> <span class='ocrx_word' id='word_1_140' title='bbox 614 1646 725 1725; x_wconf 86' lang='lat' dir='ltr'><strong>iacere,</strong></span> <span class='ocrx_word' id='word_1_141' title='bbox 751 1654 909 1724; x_wconf 88' lang='lat' dir='ltr'><strong>propterea</strong></span> <span class='ocrx_word' id='word_1_142' title='bbox 940 1645 1018 1723; x_wconf 90' lang='lat' dir='ltr'><strong>quod</strong></span> <span class='ocrx_word' id='word_1_143' title='bbox 1051 1642 1130 1704; x_wconf 93' lang='lat' dir='ltr'><strong>aliud</strong></span> <span class='ocrx_word' id='word_1_144' title='bbox 1163 1644 1220 1702; x_wconf 92' lang='lat' dir='ltr'><strong>iter</strong></span> 
     </span>
     <span class='ocr_line' id='line_1_17' title="bbox 50 1730 1220 1814; baseline -0.001 -23"><span class='ocrx_word' id='word_1_145' title='bbox 50 1731 196 1792; x_wconf 91' lang='lat' dir='ltr'><strong>haberent</strong></span> <span class='ocrx_word' id='word_1_146' title='bbox 223 1732 351 1794; x_wconf 89' lang='lat' dir='ltr'><strong>nullum:</strong></span> <span class='ocrx_word' id='word_1_147' title='bbox 380 1752 500 1814; x_wconf 86' lang='lat' dir='ltr'><strong>rogare,</strong></span> <span class='ocrx_word' id='word_1_148' title='bbox 528 1744 561 1795; x_wconf 93' lang='lat' dir='ltr'><strong>ut</strong></span> <span class='ocrx_word' id='word_1_149' title='bbox 589 1737 653 1795; x_wconf 90' lang='lat' dir='ltr'><strong>eius</strong></span> <span class='ocrx_word' id='word_1_150' title='bbox 682 1734 830 1794; x_wconf 85' lang='lat' dir='ltr'><strong>voluntate</strong></span> <span class='ocrx_word' id='word_1_151' title='bbox 861 1733 891 1793; x_wconf 94' lang='lat' dir='ltr'><strong>id</strong></span> <span class='ocrx_word' id='word_1_152' title='bbox 921 1731 977 1793; x_wconf 91' lang='lat' dir='ltr'><strong>sibi</strong></span> <span class='ocrx_word' id='word_1_153' title='bbox 1005 1733 1101 1792; x_wconf 89' lang='lat' dir='ltr'><strong>iacere</strong></span> <span class='ocrx_word' id='word_1_154' title='bbox 1125 1730 1220 1791; x_wconf 90' lang='lat' dir='ltr'><strong>liceat.</strong></span> 
     </span>
     <span class='ocr_line' id='line_1_18' title="bbox 49 1819 1256 1904; baseline 0.002 -24"><span class='ocrx_word' id='word_1_155' title='bbox 49 1819 173 1901; x_wconf 86' lang='lat' dir='ltr'><strong>Caesar,</strong></span> <span class='ocrx_word' id='word_1_156' title='bbox 205 1821 284 1899; x_wconf 90' lang='lat' dir='ltr'><strong>quod</strong></span> <span class='ocrx_word' id='word_1_157' title='bbox 316 1825 456 1883; x_wconf 92' lang='lat' dir='ltr'><strong>memoria</strong></span> <span class='ocrx_word' id='word_1_158' title='bbox 491 1822 624 1904; x_wconf 89' lang='lat' dir='ltr'><strong>tenebat,</strong></span> <span class='ocrx_word' id='word_1_159' title='bbox 660 1822 691 1882; x_wconf 86' lang='lat' dir='ltr'><strong>L.</strong></span> <span class='ocrx_word' id='word_1_160' title='bbox 727 1821 861 1882; x_wconf 83' lang='lat' dir='ltr'><strong>Cassium</strong></span> <span class='ocrx_word' id='word_1_161' title='bbox 898 1821 1050 1881; x_wconf 90' lang='lat' dir='ltr'><strong>consulem</strong></span> <span class='ocrx_word' id='word_1_162' title='bbox 1089 1821 1256 1882; x_wconf 82' lang='lat' dir='ltr'><strong>occisum4</strong></span> 
     </span>
    </p>
   </div>
   <div class='ocr_carea' id='block_1_3' title="bbox 12 2059 1229 4472">
    <p class='ocr_par' dir='ltr' id='par_1_4' title="bbox 45 2059 1219 3550">
     <span class='ocr_line' id='line_1_19' title="bbox 46 2059 1219 2134; baseline -0.002 -18"><span class='ocrx_word' id='word_1_163' title='bbox 46 2059 82 2116; x_wconf 57' lang='lat' dir='ltr'><strong>&#39;in</strong></span> <span class='ocrx_word' id='word_1_164' title='bbox 107 2061 156 2116; x_wconf 91' lang='lat' dir='ltr'><strong>der</strong></span> <span class='ocrx_word' id='word_1_165' title='bbox 181 2061 389 2134; x_wconf 82' lang='lat' dir='ltr'><strong>Uebersetzung</strong></span> <span class='ocrx_word' id='word_1_166' title='bbox 413 2083 447 2118; x_wconf 84' lang='lat' dir='ltr'><strong>zu</strong></span> <span class='ocrx_word' id='word_1_167' title='bbox 469 2063 610 2118; x_wconf 88' lang='lat' dir='ltr'><strong>nonnullis</strong></span> <span class='ocrx_word' id='word_1_168' title='bbox 664 2066 731 2117; x_wconf 87' lang='lat' dir='ltr'><strong>rat:</strong></span> <span class='ocrx_word' id='word_1_169' title='bbox 759 2062 874 2117; x_wconf 88' lang='lat' dir='ltr'><strong>befiehlt</strong></span> <span class='ocrx_word' id='word_1_170' title='bbox 901 2080 934 2116; x_wconf 83' lang='lat' dir='ltr'><strong>nu</strong></span> <span class='ocrx_word' id='word_1_171' title='bbox 962 2060 1070 2115; x_wconf 88' lang='lat' dir='ltr'><strong>stellon.</strong></span> <span class='ocrx_word' id='word_1_172' title='bbox 1090 2092 1123 2100; x_wconf 89' lang='lat'>—</span> <span class='ocrx_word' id='word_1_173' title='bbox 1149 2061 1219 2116; x_wconf 79' lang='lat' dir='ltr'><strong>siber</strong></span> 
     </span>
     <span class='ocr_line' id='line_1_20' title="bbox 49 2124 1218 2204; baseline -0.001 -17"><span class='ocrx_word' id='word_1_174' title='bbox 49 2132 134 2187; x_wconf 87' lang='lat' dir='ltr'><strong>loeis:</strong></span> <span class='ocrx_word' id='word_1_175' title='bbox 158 2149 195 2188; x_wconf 78' lang='lat' dir='ltr'><strong>an</strong></span> <span class='ocrx_word' id='word_1_176' title='bbox 218 2132 329 2204; x_wconf 82' lang='lat' dir='ltr'><strong>einigen</strong></span> <span class='ocrx_word' id='word_1_177' title='bbox 352 2133 477 2189; x_wconf 89' lang='lat' dir='ltr'><strong>seichten</strong></span> <span class='ocrx_word' id='word_1_178' title='bbox 495 2134 609 2189; x_wconf 87' lang='lat' dir='ltr'><strong>Stellen.</strong></span> <span class='ocrx_word' id='word_1_179' title='bbox 663 2150 728 2189; x_wconf 79' lang='lat' dir='ltr'><strong>uns</strong></span> <span class='ocrx_word' id='word_1_180' title='bbox 746 2133 803 2187; x_wconf 91' lang='lat' dir='ltr'><strong>und</strong></span> <span class='ocrx_word' id='word_1_181' title='bbox 820 2132 964 2200; x_wconf 87' lang='lat' dir='ltr'><strong>nullum,</strong></span> <span class='ocrx_word' id='word_1_182' title='bbox 984 2131 1034 2185; x_wconf 82' lang='lat' dir='ltr'><strong>des</strong></span> <span class='ocrx_word' id='word_1_183' title='bbox 1057 2130 1155 2186; x_wconf 89' lang='lat' dir='ltr'><strong>weiter</strong></span> <span class='ocrx_word' id='word_1_184' title='bbox 1168 2124 1218 2186; x_wconf 83' lang='lat' dir='ltr'><strong>nir-</strong></span> 
     </span>
     <span class='ocr_line' id='line_1_21' title="bbox 51 2203 1219 2274; baseline 0 -17"><span class='ocrx_word' id='word_1_185' title='bbox 51 2203 116 2258; x_wconf 91' lang='lat' dir='ltr'><strong>Wie</strong></span> <span class='ocrx_word' id='word_1_186' title='bbox 132 2220 206 2257; x_wconf 86' lang='lat' dir='ltr'><strong>muse</strong></span> <span class='ocrx_word' id='word_1_187' title='bbox 226 2203 301 2258; x_wconf 81' lang='lat' dir='ltr'><strong>dunn</strong></span> <span class='ocrx_word' id='word_1_188' title='bbox 318 2204 451 2259; x_wconf 80' lang='lat' dir='ltr'><strong>transitur</strong></span> <span class='ocrx_word' id='word_1_189' title='bbox 469 2204 610 2259; x_wconf 80' lang='lat' dir='ltr'><strong>ubersetnt</strong></span> <span class='ocrx_word' id='word_1_190' title='bbox 663 2206 712 2259; x_wconf 86' lang='lat' dir='ltr'><strong>ten</strong></span> <span class='ocrx_word' id='word_1_191' title='bbox 728 2204 813 2274; x_wconf 81' lang='lat' dir='ltr'><strong>folgt,</strong></span> <span class='ocrx_word' id='word_1_192' title='bbox 833 2220 854 2259; x_wconf 92' lang='lat' dir='ltr'><strong>s.</strong></span> <span class='ocrx_word' id='word_1_193' title='bbox 869 2220 892 2258; x_wconf 92' lang='lat' dir='ltr'><strong>c.</strong></span> <span class='ocrx_word' id='word_1_194' title='bbox 909 2211 922 2257; x_wconf 95' lang='lat'>1</span> <span class='ocrx_word' id='word_1_195' title='bbox 943 2221 977 2257; x_wconf 89' lang='lat' dir='ltr'><strong>zu</strong></span> <span class='ocrx_word' id='word_1_196' title='bbox 994 2203 1052 2257; x_wconf 87' lang='lat' dir='ltr'><strong>tres</strong></span> <span class='ocrx_word' id='word_1_197' title='bbox 1070 2220 1097 2256; x_wconf 93' lang='lat' dir='ltr'><strong>u.</strong></span> <span class='ocrx_word' id='word_1_198' title='bbox 1112 2209 1166 2258; x_wconf 69' lang='lat' dir='ltr'><strong>ch</strong></span> <span class='ocrx_word' id='word_1_199' title='bbox 1186 2221 1219 2257; x_wconf 87' lang='lat' dir='ltr'><strong>zu</strong></span> 
     </span>
     <span class='ocr_line' id='line_1_22' title="bbox 48 2272 1219 2345; baseline 0 -17"><span class='ocrx_word' id='word_1_200' title='bbox 48 2272 181 2328; x_wconf 84' lang='lat' dir='ltr'><strong>werden?</strong></span> <span class='ocrx_word' id='word_1_201' title='bbox 206 2304 238 2314; x_wconf 91' lang='lat'>—</span> <span class='ocrx_word' id='word_1_202' title='bbox 262 2281 287 2328; x_wconf 88' lang='lat'><strong>3.</strong></span> <span class='ocrx_word' id='word_1_203' title='bbox 307 2291 362 2330; x_wconf 94' lang='lat' dir='ltr'><strong>eos</strong></span> <span class='ocrx_word' id='word_1_204' title='bbox 380 2274 432 2329; x_wconf 90' lang='lat' dir='ltr'><strong>ire</strong></span> <span class='ocrx_word' id='word_1_205' title='bbox 450 2277 609 2344; x_wconf 83' lang='lat' dir='ltr'><strong>psteren·</strong></span> <span class='ocrx_word' id='word_1_206' title='bbox 663 2273 737 2345; x_wconf 89' lang='lat' dir='ltr'><strong>apud</strong></span> <span class='ocrx_word' id='word_1_207' title='bbox 755 2275 835 2331; x_wconf 89' lang='lat' dir='ltr'><strong>Helv.</strong></span> <span class='ocrx_word' id='word_1_208' title='bbox 854 2293 880 2329; x_wconf 92' lang='lat' dir='ltr'><strong>u.</strong></span> <span class='ocrx_word' id='word_1_209' title='bbox 900 2273 1055 2344; x_wconf 79' lang='lat' dir='ltr'><strong>Orgetorix.</strong></span> <span class='ocrx_word' id='word_1_210' title='bbox 1079 2306 1111 2313; x_wconf 93' lang='lat'>—</span> <span class='ocrx_word' id='word_1_211' title='bbox 1135 2291 1219 2342; x_wconf 87' lang='lat' dir='ltr'><strong>pon-</strong></span> 
     </span>
     <span class='ocr_line' id='line_1_23' title="bbox 46 2343 1218 2415; baseline 0.001 -16"><span class='ocrx_word' id='word_1_212' title='bbox 46 2348 120 2399; x_wconf 85' lang='lat' dir='ltr'><strong>tur:</strong></span> <span class='ocrx_word' id='word_1_213' title='bbox 144 2343 213 2398; x_wconf 75' lang='lat' dir='ltr'><strong>fiber</strong></span> <span class='ocrx_word' id='word_1_214' title='bbox 236 2360 283 2399; x_wconf 89' lang='lat' dir='ltr'><strong>eos</strong></span> <span class='ocrx_word' id='word_1_215' title='bbox 306 2364 333 2399; x_wconf 91' lang='lat' dir='ltr'><strong>u.</strong></span> <span class='ocrx_word' id='word_1_216' title='bbox 358 2346 436 2400; x_wconf 84' lang='lat' dir='ltr'><strong>nicht</strong></span> <span class='ocrx_word' id='word_1_217' title='bbox 458 2362 488 2400; x_wconf 90' lang='lat' dir='ltr'><strong>se</strong></span> <span class='ocrx_word' id='word_1_218' title='bbox 510 2365 532 2400; x_wconf 90' lang='lat' dir='ltr'><strong>s.</strong></span> <span class='ocrx_word' id='word_1_219' title='bbox 550 2352 608 2402; x_wconf 78' lang='lat' dir='ltr'><strong>ud</strong></span> <span class='ocrx_word' id='word_1_220' title='bbox 662 2349 730 2401; x_wconf 83' lang='lat' dir='ltr'><strong>tem</strong></span> <span class='ocrx_word' id='word_1_221' title='bbox 757 2347 829 2402; x_wconf 90' lang='lat' dir='ltr'><strong>ohne</strong></span> <span class='ocrx_word' id='word_1_222' title='bbox 857 2345 963 2415; x_wconf 85' lang='lat' dir='ltr'><strong>Copula</strong></span> <span class='ocrx_word' id='word_1_223' title='bbox 992 2344 1218 2415; x_wconf 72' lang='lat' dir='ltr'><strong>engeschlossem</strong></span> 
     </span>
     <span class='ocr_line' id='line_1_24' title="bbox 51 2414 1219 2487; baseline 0 -17"><span class='ocrx_word' id='word_1_224' title='bbox 51 2435 86 2470; x_wconf 82' lang='lat' dir='ltr'><strong>zu</strong></span> <span class='ocrx_word' id='word_1_225' title='bbox 106 2432 174 2477; x_wconf 65' lang='lat' dir='ltr'><strong>cum,</strong></span> <span class='ocrx_word' id='word_1_226' title='bbox 186 2414 221 2469; x_wconf 90' lang='lat' dir='ltr'><strong>iis</strong></span> <span class='ocrx_word' id='word_1_227' title='bbox 239 2415 457 2486; x_wconf 83' lang='lat' dir='ltr'><strong>proficiscuntur.</strong></span> <span class='ocrx_word' id='word_1_228' title='bbox 494 2417 609 2472; x_wconf 88' lang='lat' dir='ltr'><strong>Ansser·</strong></span> <span class='ocrx_word' id='word_1_229' title='bbox 662 2416 712 2472; x_wconf 82' lang='lat' dir='ltr'><strong>des</strong></span> <span class='ocrx_word' id='word_1_230' title='bbox 730 2417 893 2487; x_wconf 86' lang='lat' dir='ltr'><strong>Asyndeton</strong></span> <span class='ocrx_word' id='word_1_231' title='bbox 911 2417 964 2472; x_wconf 81' lang='lat' dir='ltr'><strong>roll</strong></span> <span class='ocrx_word' id='word_1_232' title='bbox 982 2416 1028 2471; x_wconf 90' lang='lat' dir='ltr'><strong>die</strong></span> <span class='ocrx_word' id='word_1_233' title='bbox 1041 2415 1103 2471; x_wconf 80' lang='lat' dir='ltr'><strong>Eile</strong></span> <span class='ocrx_word' id='word_1_234' title='bbox 1121 2432 1219 2471; x_wconf 82' lang='lat' dir='ltr'><strong>veran-</strong></span> 
     </span>
     <span class='ocr_line' id='line_1_25' title="bbox 50 2485 1218 2558; baseline 0.002 -18"><span class='ocrx_word' id='word_1_235' title='bbox 50 2488 117 2542; x_wconf 88' lang='lat' dir='ltr'><strong>dem</strong></span> <span class='ocrx_word' id='word_1_236' title='bbox 135 2485 231 2541; x_wconf 87' lang='lat' dir='ltr'><strong>merke</strong></span> <span class='ocrx_word' id='word_1_237' title='bbox 250 2487 300 2542; x_wconf 89' lang='lat' dir='ltr'><strong>das</strong></span> <span class='ocrx_word' id='word_1_238' title='bbox 318 2486 409 2558; x_wconf 90' lang='lat' dir='ltr'><strong>Beisp.</strong></span> <span class='ocrx_word' id='word_1_239' title='bbox 428 2486 473 2542; x_wconf 84' lang='lat' dir='ltr'><strong>fiir</strong></span> <span class='ocrx_word' id='word_1_240' title='bbox 491 2487 517 2544; x_wconf 91' lang='lat' dir='ltr'><strong>d.</strong></span> <span class='ocrx_word' id='word_1_241' title='bbox 537 2486 607 2543; x_wconf 83' lang='lat' dir='ltr'><strong>Con·</strong></span> <span class='ocrx_word' id='word_1_242' title='bbox 663 2488 855 2548; x_wconf 84' lang='lat' dir='ltr'><strong>schsulichen.</strong></span> <span class='ocrx_word' id='word_1_243' title='bbox 874 2487 928 2542; x_wconf 88' lang='lat' dir='ltr'><strong>mit</strong></span> <span class='ocrx_word' id='word_1_244' title='bbox 945 2488 994 2542; x_wconf 90' lang='lat' dir='ltr'><strong>der</strong></span> <span class='ocrx_word' id='word_1_245' title='bbox 1013 2487 1074 2542; x_wconf 71' lang='lat' dir='ltr'><strong>Obs.</strong></span> <span class='ocrx_word' id='word_1_246' title='bbox 1093 2486 1218 2544; x_wconf 83' lang='lat' dir='ltr'><strong>hondelt.</strong></span> 
     </span>
     <span class='ocr_line' id='line_1_26' title="bbox 46 2557 1218 2630; baseline 0.002 -19"><span class='ocrx_word' id='word_1_247' title='bbox 46 2559 147 2612; x_wconf 84' lang='lat' dir='ltr'><strong>struet.</strong></span> <span class='ocrx_word' id='word_1_248' title='bbox 172 2573 228 2612; x_wconf 82' lang='lat' dir='ltr'><strong>von</strong></span> <span class='ocrx_word' id='word_1_249' title='bbox 246 2557 314 2627; x_wconf 83' lang='lat' dir='ltr'><strong>peti.</strong></span> <span class='ocrx_word' id='word_1_250' title='bbox 338 2589 371 2598; x_wconf 94' lang='lat'><em>-</em></span> <span class='ocrx_word' id='word_1_251' title='bbox 396 2565 421 2613; x_wconf 85' lang='lat'><strong>4.</strong></span> <span class='ocrx_word' id='word_1_252' title='bbox 446 2558 608 2614; x_wconf 78' lang='lat' dir='ltr'><strong>Omnibus</strong></span> <span class='ocrx_word' id='word_1_253' title='bbox 661 2559 725 2630; x_wconf 82' lang='lat' dir='ltr'><strong>Vgl.</strong></span> <span class='ocrx_word' id='word_1_254' title='bbox 741 2576 763 2614; x_wconf 90' lang='lat' dir='ltr'><strong>c.</strong></span> <span class='ocrx_word' id='word_1_255' title='bbox 778 2565 825 2614; x_wconf 79' lang='lat'><strong>22:</strong></span> <span class='ocrx_word' id='word_1_256' title='bbox 842 2558 986 2614; x_wconf 81' lang='lat' dir='ltr'><strong>Considius</strong></span> <span class='ocrx_word' id='word_1_257' title='bbox 1000 2557 1218 2628; x_wconf 84' lang='lat' dir='ltr'><strong>accurrit,dicit;</strong></span> 
     </span>
     <span class='ocr_line' id='line_1_27' title="bbox 49 2628 1218 2712; baseline 0.001 -30"><span class='ocrx_word' id='word_1_258' title='bbox 49 2629 166 2683; x_wconf 91' lang='lat' dir='ltr'><strong>rebus:</strong></span> <span class='ocrx_word' id='word_1_259' title='bbox 186 2646 207 2682; x_wconf 83' lang='lat' dir='ltr'><strong>s.</strong></span> <span class='ocrx_word' id='word_1_260' title='bbox 227 2645 250 2683; x_wconf 89' lang='lat' dir='ltr'><strong>c.</strong></span> <span class='ocrx_word' id='word_1_261' title='bbox 270 2635 285 2684; x_wconf 89' lang='lat'><strong>3</strong></span> <span class='ocrx_word' id='word_1_262' title='bbox 306 2647 339 2683; x_wconf 85' lang='lat' dir='ltr'><strong>nu</strong></span> <span class='ocrx_word' id='word_1_263' title='bbox 362 2628 406 2683; x_wconf 90' lang='lat' dir='ltr'><strong>his</strong></span> <span class='ocrx_word' id='word_1_264' title='bbox 428 2630 511 2684; x_wconf 89' lang='lat' dir='ltr'><strong>rebus</strong></span> <span class='ocrx_word' id='word_1_265' title='bbox 529 2648 609 2712; x_wconf 67' lang='lat' dir='ltr'><strong>unu</strong></span> <span class='ocrx_word' id='word_1_266' title='bbox 661 2648 688 2685; x_wconf 87' lang='lat' dir='ltr'><strong>u.</strong></span> <span class='ocrx_word' id='word_1_267' title='bbox 707 2629 852 2711; x_wconf 78' lang='lat' dir='ltr'><strong>subducit,</strong></span> <span class='ocrx_word' id='word_1_268' title='bbox 876 2630 966 2711; x_wconf 79' lang='lat' dir='ltr'><strong>aciem</strong></span> <span class='ocrx_word' id='word_1_269' title='bbox 987 2628 1167 2710; x_wconf 45' lang='lat' dir='ltr'><strong>instruit3—</strong></span> <span class='ocrx_word' id='word_1_270' title='bbox 1193 2636 1218 2684; x_wconf 86' lang='lat'><strong>3.</strong></span> 
     </span>
     <span class='ocr_line' id='line_1_28' title="bbox 47 2699 1218 2852; baseline 0 -29"><span class='ocrx_word' id='word_1_271' title='bbox 47 2701 608 2852; x_wconf 53' lang='lat' dir='ltr'><strong>annuunt.ntulit&amp;</strong></span> <span class='ocrx_word' id='word_1_272' title='bbox 661 2701 969 2852; x_wconf 66' lang='lat' dir='ltr'><strong>rutbertus</strong></span> <span class='ocrx_word' id='word_1_273' title='bbox 983 2699 1218 2852; x_wconf 57' lang='lat' dir='ltr'><strong>{reorum</strong></span> 
     </span>
     <span class='ocr_line' id='line_1_29' title="bbox 47 2840 1217 2912; baseline 0.002 -18"><span class='ocrx_word' id='word_1_274' title='bbox 47 2840 159 2895; x_wconf 88' lang='lat' dir='ltr'><strong>nenbus</strong></span> <span class='ocrx_word' id='word_1_275' title='bbox 186 2858 224 2894; x_wconf 83' lang='lat' dir='ltr'><strong>rm</strong></span> <span class='ocrx_word' id='word_1_276' title='bbox 252 2841 365 2911; x_wconf 80' lang='lat' dir='ltr'><strong>Anlung</strong></span> <span class='ocrx_word' id='word_1_277' title='bbox 402 2842 451 2896; x_wconf 90' lang='lat' dir='ltr'><strong>des</strong></span> <span class='ocrx_word' id='word_1_278' title='bbox 478 2841 544 2912; x_wconf 85' lang='lat' dir='ltr'><strong>(lap.</strong></span> <span class='ocrx_word' id='word_1_279' title='bbox 574 2873 607 2882; x_wconf 96' lang='lat'>-</span> <span class='ocrx_word' id='word_1_280' title='bbox 661 2843 733 2896; x_wconf 80' lang='lat' dir='ltr'><strong>nach</strong></span> <span class='ocrx_word' id='word_1_281' title='bbox 752 2843 860 2911; x_wconf 81' lang='lat' dir='ltr'><strong>legatos</strong></span> <span class='ocrx_word' id='word_1_282' title='bbox 874 2841 1055 2896; x_wconf 86' lang='lat' dir='ltr'><strong>wrederholte</strong></span> <span class='ocrx_word' id='word_1_283' title='bbox 1068 2841 1217 2910; x_wconf 81' lang='lat' dir='ltr'><strong>legatroms</strong></span> 
     </span>
     <span class='ocr_line' id='line_1_30' title="bbox 47 2910 1216 2981; baseline 0.003 -16"><span class='ocrx_word' id='word_1_284' title='bbox 47 2910 268 2966; x_wconf 86' lang='lat' dir='ltr'><strong>conveniant:</strong></span> <span class='ocrx_word' id='word_1_285' title='bbox 288 2929 309 2967; x_wconf 91' lang='lat' dir='ltr'><strong>s.</strong></span> <span class='ocrx_word' id='word_1_286' title='bbox 329 2931 361 2965; x_wconf 87' lang='lat' dir='ltr'><strong>zu</strong></span> <span class='ocrx_word' id='word_1_287' title='bbox 380 2913 553 2966; x_wconf 88' lang='lat' dir='ltr'><strong>ducerentur.</strong></span> <span class='ocrx_word' id='word_1_288' title='bbox 573 2944 607 2952; x_wconf 89' lang='lat'><em>-</em></span> <span class='ocrx_word' id='word_1_289' title='bbox 661 2931 681 2966; x_wconf 91' lang='lat' dir='ltr'><strong>s.</strong></span> <span class='ocrx_word' id='word_1_290' title='bbox 701 2930 724 2966; x_wconf 89' lang='lat' dir='ltr'><strong>c.</strong></span> <span class='ocrx_word' id='word_1_291' title='bbox 743 2919 759 2966; x_wconf 83' lang='lat'><strong>6</strong></span> <span class='ocrx_word' id='word_1_292' title='bbox 782 2930 816 2966; x_wconf 85' lang='lat' dir='ltr'><strong>zu</strong></span> <span class='ocrx_word' id='word_1_293' title='bbox 838 2911 913 2981; x_wconf 89' lang='lat' dir='ltr'><strong>quib.</strong></span> <span class='ocrx_word' id='word_1_294' title='bbox 933 2910 1024 2968; x_wconf 87' lang='lat' dir='ltr'><strong>itiner.</strong></span> <span class='ocrx_word' id='word_1_295' title='bbox 1061 2911 1153 2966; x_wconf 89' lang='lat' dir='ltr'><strong>Ueber</strong></span> <span class='ocrx_word' id='word_1_296' title='bbox 1171 2912 1216 2968; x_wconf 90' lang='lat' dir='ltr'><strong>die</strong></span> 
     </span>
     <span class='ocr_line' id='line_1_31' title="bbox 47 2981 1216 3050; baseline 0.003 -15"><span class='ocrx_word' id='word_1_297' title='bbox 47 2999 72 3037; x_wconf 84' lang='lat' dir='ltr'><strong>a.</strong></span> <span class='ocrx_word' id='word_1_298' title='bbox 100 2982 125 3036; x_wconf 84' lang='lat' dir='ltr'><strong>d</strong></span> <span class='ocrx_word' id='word_1_299' title='bbox 150 2982 184 3036; x_wconf 90' lang='lat' dir='ltr'><strong>V.</strong></span> <span class='ocrx_word' id='word_1_300' title='bbox 210 2982 271 3036; x_wconf 83' lang='lat' dir='ltr'><strong>Ksl.</strong></span> <span class='ocrx_word' id='word_1_301' title='bbox 297 2982 416 3050; x_wconf 86' lang='lat' dir='ltr'><strong>April,</strong></span> <span class='ocrx_word' id='word_1_302' title='bbox 442 2982 468 3036; x_wconf 89' lang='lat' dir='ltr'><strong>d.</strong></span> <span class='ocrx_word' id='word_1_303' title='bbox 495 2983 513 3036; x_wconf 88' lang='lat' dir='ltr'><strong>i.</strong></span> <span class='ocrx_word' id='word_1_304' title='bbox 540 2986 606 3038; x_wconf 85' lang='lat' dir='ltr'><strong>ante</strong></span> <span class='ocrx_word' id='word_1_305' title='bbox 660 2982 761 3038; x_wconf 87' lang='lat' dir='ltr'><strong>beiden</strong></span> <span class='ocrx_word' id='word_1_306' title='bbox 778 2981 1216 3039; x_wconf 76' lang='lat' dir='ltr'><strong>imverbundenenRelativstttze</strong></span> 
     </span>
     <span class='ocr_line' id='line_1_32' title="bbox 48 3051 1214 3125; baseline 0.003 -19"><span class='ocrx_word' id='word_1_307' title='bbox 48 3052 123 3106; x_wconf 92' lang='lat' dir='ltr'><strong>diem</strong></span> <span class='ocrx_word' id='word_1_308' title='bbox 156 3051 285 3121; x_wconf 80' lang='lat' dir='ltr'><strong>quintum</strong></span> <span class='ocrx_word' id='word_1_309' title='bbox 314 3053 454 3108; x_wconf 82' lang='lat' dir='ltr'><strong>Kalendas</strong></span> <span class='ocrx_word' id='word_1_310' title='bbox 482 3053 605 3124; x_wconf 86' lang='lat' dir='ltr'><strong>Apriles:</strong></span> <span class='ocrx_word' id='word_1_311' title='bbox 660 3054 738 3108; x_wconf 89' lang='lat' dir='ltr'><strong>ouius</strong></span> <span class='ocrx_word' id='word_1_312' title='bbox 756 3055 840 3125; x_wconf 78' lang='lat' dir='ltr'><strong>leget.</strong></span> <span class='ocrx_word' id='word_1_313' title='bbox 860 3073 887 3110; x_wconf 93' lang='lat' dir='ltr'><strong>u.</strong></span> <span class='ocrx_word' id='word_1_314' title='bbox 926 3053 956 3108; x_wconf 94' lang='lat' dir='ltr'><strong>ui</strong></span> <span class='ocrx_word' id='word_1_315' title='bbox 974 3052 1098 3108; x_wconf 87' lang='lat' dir='ltr'><strong>dicerent</strong></span> <span class='ocrx_word' id='word_1_316' title='bbox 1116 3071 1136 3107; x_wconf 89' lang='lat' dir='ltr'><strong>e.</strong></span> <span class='ocrx_word' id='word_1_317' title='bbox 1157 3061 1214 3109; x_wconf 83' lang='lat' dir='ltr'><strong>el</strong></span> 
     </span>
     <span class='ocr_line' id='line_1_33' title="bbox 45 3072 1216 3196; baseline 0.001 -19"><span class='ocrx_word' id='word_1_318' title='bbox 45 3130 90 3178; x_wconf 81' lang='lat'><strong>28.</strong></span> <span class='ocrx_word' id='word_1_319' title='bbox 110 3121 193 3178; x_wconf 75' lang='lat' dir='ltr'><strong>Mtrz.</strong></span> <span class='ocrx_word' id='word_1_320' title='bbox 217 3154 250 3163; x_wconf 94' lang='lat'>—</span> <span class='ocrx_word' id='word_1_321' title='bbox 274 3124 305 3178; x_wconf 90' lang='lat' dir='ltr'><strong>L.</strong></span> <span class='ocrx_word' id='word_1_322' title='bbox 324 3123 445 3179; x_wconf 86' lang='lat' dir='ltr'><strong>Pisone</strong></span> <span class='ocrx_word' id='word_1_323' title='bbox 469 3154 502 3164; x_wconf 82' lang='lat'><strong>—-</strong></span> <span class='ocrx_word' id='word_1_324' title='bbox 527 3141 605 3180; x_wconf 90' lang='lat' dir='ltr'><strong>con·</strong></span> <span class='ocrx_word' id='word_1_325' title='bbox 659 3072 1216 3196; x_wconf 54' lang='lat' dir='ltr'><strong>ecqui-gerund-psineipem-</strong></span> 
     </span>
     <span class='ocr_line' id='line_1_34' title="bbox 48 3193 1217 3266; baseline 0.002 -16"><span class='ocrx_word' id='word_1_326' title='bbox 48 3193 198 3250; x_wconf 80' lang='lat' dir='ltr'><strong>nulibus:</strong></span> <span class='ocrx_word' id='word_1_327' title='bbox 216 3193 256 3248; x_wconf 88' lang='lat' dir='ltr'><strong>im</strong></span> <span class='ocrx_word' id='word_1_328' title='bbox 270 3195 331 3248; x_wconf 86' lang='lat' dir='ltr'><strong>Lat.</strong></span> <span class='ocrx_word' id='word_1_329' title='bbox 346 3195 418 3250; x_wconf 86' lang='lat' dir='ltr'><strong>fehlt</strong></span> <span class='ocrx_word' id='word_1_330' title='bbox 436 3194 477 3250; x_wconf 85' lang='lat' dir='ltr'><strong>oft</strong></span> <span class='ocrx_word' id='word_1_331' title='bbox 494 3194 539 3250; x_wconf 88' lang='lat' dir='ltr'><strong>die</strong></span> <span class='ocrx_word' id='word_1_332' title='bbox 554 3194 603 3251; x_wconf 79' lang='lat' dir='ltr'><strong>Co·</strong></span> <span class='ocrx_word' id='word_1_333' title='bbox 658 3195 880 3252; x_wconf 82' lang='lat' dir='ltr'><strong>obtinebant:</strong></span> <span class='ocrx_word' id='word_1_334' title='bbox 904 3213 940 3250; x_wconf 86' lang='lat' dir='ltr'><strong>an</strong></span> <span class='ocrx_word' id='word_1_335' title='bbox 959 3196 1008 3251; x_wconf 91' lang='lat' dir='ltr'><strong>der</strong></span> <span class='ocrx_word' id='word_1_336' title='bbox 1027 3195 1122 3266; x_wconf 80' lang='lat' dir='ltr'><strong>Spitze</strong></span> <span class='ocrx_word' id='word_1_337' title='bbox 1141 3199 1217 3252; x_wconf 88' lang='lat' dir='ltr'><strong>stan·</strong></span> 
     </span>
     <span class='ocr_line' id='line_1_35' title="bbox 47 3264 1215 3336; baseline 0.003 -16"><span class='ocrx_word' id='word_1_338' title='bbox 47 3265 115 3334; x_wconf 82' lang='lat' dir='ltr'><strong>pule</strong></span> <span class='ocrx_word' id='word_1_339' title='bbox 129 3264 175 3320; x_wconf 92' lang='lat' dir='ltr'><strong>bei</strong></span> <span class='ocrx_word' id='word_1_340' title='bbox 188 3265 305 3335; x_wconf 83' lang='lat' dir='ltr'><strong>Angabe</strong></span> <span class='ocrx_word' id='word_1_341' title='bbox 319 3266 491 3321; x_wconf 87' lang='lat' dir='ltr'><strong>vonNamen</strong></span> <span class='ocrx_word' id='word_1_342' title='bbox 505 3266 605 3322; x_wconf 79' lang='lat' dir='ltr'><strong>zweier</strong></span> <span class='ocrx_word' id='word_1_343' title='bbox 657 3266 719 3322; x_wconf 92' lang='lat' dir='ltr'><strong>den.</strong></span> <span class='ocrx_word' id='word_1_344' title='bbox 747 3297 782 3306; x_wconf 94' lang='lat'>—</span> <span class='ocrx_word' id='word_1_345' title='bbox 810 3267 868 3336; x_wconf 88' lang='lat' dir='ltr'><strong>qui</strong></span> <span class='ocrx_word' id='word_1_346' title='bbox 895 3266 1065 3323; x_wconf 85' lang='lat' dir='ltr'><strong>dicerent:</strong></span> <span class='ocrx_word' id='word_1_347' title='bbox 1097 3267 1215 3324; x_wconf 84' lang='lat' dir='ltr'><strong>beuchte</strong></span> 
     </span>
     <span class='ocr_line' id='line_1_36' title="bbox 46 3335 1214 3408; baseline 0.003 -19"><span class='ocrx_word' id='word_1_348' title='bbox 46 3339 266 3406; x_wconf 81' lang='lat' dir='ltr'><strong>Amtsgenossen</strong></span> <span class='ocrx_word' id='word_1_349' title='bbox 284 3337 351 3393; x_wconf 91' lang='lat' dir='ltr'><strong>oder</strong></span> <span class='ocrx_word' id='word_1_350' title='bbox 369 3335 516 3408; x_wconf 74' lang='lat' dir='ltr'><strong>Collegen.</strong></span> <span class='ocrx_word' id='word_1_351' title='bbox 537 3338 602 3408; x_wconf 80' lang='lat' dir='ltr'><strong>Vgl.</strong></span> <span class='ocrx_word' id='word_1_352' title='bbox 658 3337 1214 3408; x_wconf 82' lang='lat' dir='ltr'><strong>desImperf.nachdernPraes.mittunt;</strong></span> 
     </span>
     <span class='ocr_line' id='line_1_37' title="bbox 47 3407 1215 3480; baseline 0.003 -20"><span class='ocrx_word' id='word_1_353' title='bbox 47 3407 96 3463; x_wconf 92' lang='lat' dir='ltr'><strong>lib.</strong></span> <span class='ocrx_word' id='word_1_354' title='bbox 116 3412 141 3476; x_wconf 83' lang='lat'><strong>5,</strong></span> <span class='ocrx_word' id='word_1_355' title='bbox 161 3424 183 3463; x_wconf 93' lang='lat' dir='ltr'><strong>c.</strong></span> <span class='ocrx_word' id='word_1_356' title='bbox 204 3413 228 3461; x_wconf 87' lang='lat'><strong>1.</strong></span> <span class='ocrx_word' id='word_1_357' title='bbox 657 3427 678 3464; x_wconf 92' lang='lat' dir='ltr'><strong>s.</strong></span> <span class='ocrx_word' id='word_1_358' title='bbox 698 3425 721 3464; x_wconf 93' lang='lat' dir='ltr'><strong>c.</strong></span> <span class='ocrx_word' id='word_1_359' title='bbox 740 3415 756 3463; x_wconf 83' lang='lat'><strong>3</strong></span> <span class='ocrx_word' id='word_1_360' title='bbox 775 3428 810 3463; x_wconf 87' lang='lat' dir='ltr'><strong>zu</strong></span> <span class='ocrx_word' id='word_1_361' title='bbox 828 3410 860 3462; x_wconf 89' lang='lat' dir='ltr'><strong>ut</strong></span> <span class='ocrx_word' id='word_1_362' title='bbox 883 3408 958 3463; x_wconf 87' lang='lat' dir='ltr'><strong>idem</strong></span> <span class='ocrx_word' id='word_1_363' title='bbox 976 3411 1135 3478; x_wconf 81' lang='lat' dir='ltr'><strong>coneretur,</strong></span> <span class='ocrx_word' id='word_1_364' title='bbox 1154 3427 1215 3480; x_wconf 90' lang='lat' dir='ltr'><strong>per·</strong></span> 
     </span>
     <span class='ocr_line' id='line_1_38' title="bbox 658 3479 1215 3550; baseline 0.005 -17"><span class='ocrx_word' id='word_1_365' title='bbox 658 3480 764 3535; x_wconf 82' lang='lat' dir='ltr'><strong>suadet.</strong></span> <span class='ocrx_word' id='word_1_366' title='bbox 780 3479 844 3550; x_wconf 83' lang='lat' dir='ltr'><strong>Vgl.</strong></span> <span class='ocrx_word' id='word_1_367' title='bbox 854 3486 879 3549; x_wconf 82' lang='lat'><strong>4,</strong></span> <span class='ocrx_word' id='word_1_368' title='bbox 891 3486 937 3535; x_wconf 87' lang='lat'><strong>11:</strong></span> <span class='ocrx_word' id='word_1_369' title='bbox 947 3479 1037 3536; x_wconf 82' lang='lat' dir='ltr'><strong>mittit</strong></span> <span class='ocrx_word' id='word_1_370' title='bbox 1046 3481 1095 3549; x_wconf 90' lang='lat' dir='ltr'><strong>qui</strong></span> <span class='ocrx_word' id='word_1_371' title='bbox 1104 3480 1215 3536; x_wconf 89' lang='lat' dir='ltr'><strong>nuntia-</strong></span> 
     </span>
    </p>

    <p class='ocr_par' dir='ltr' id='par_1_5' title="bbox 12 3548 1229 4472">
     <span class='ocr_line' id='line_1_39' title="bbox 83 3548 1214 3629; baseline 0.004 -25"><span class='ocrx_word' id='word_1_372' title='bbox 83 3549 149 3629; x_wconf 73' lang='lat' dir='ltr'><strong>Oup.</strong></span> <span class='ocrx_word' id='word_1_373' title='bbox 175 3555 198 3603; x_wconf 81' lang='lat' dir='ltr'><strong>t.</strong></span> <span class='ocrx_word' id='word_1_374' title='bbox 238 3555 261 3602; x_wconf 92' lang='lat'><strong>1.</strong></span> <span class='ocrx_word' id='word_1_375' title='bbox 284 3548 317 3602; x_wconf 87' lang='lat' dir='ltr'><strong>id</strong></span> <span class='ocrx_word' id='word_1_376' title='bbox 342 3581 388 3618; x_wconf 91' lang='lat'><strong>-,</strong></span> <span class='ocrx_word' id='word_1_377' title='bbox 413 3567 468 3604; x_wconf 92' lang='lat' dir='ltr'><strong>eos</strong></span> <span class='ocrx_word' id='word_1_378' title='bbox 492 3581 525 3589; x_wconf 95' lang='lat'>-</span> <span class='ocrx_word' id='word_1_379' title='bbox 549 3568 602 3607; x_wconf 92' lang='lat' dir='ltr'><strong>co·</strong></span> <span class='ocrx_word' id='word_1_380' title='bbox 656 3552 727 3606; x_wconf 87' lang='lat' dir='ltr'><strong>rent.</strong></span> <span class='ocrx_word' id='word_1_381' title='bbox 762 3582 794 3590; x_wconf 93' lang='lat'>-</span> <span class='ocrx_word' id='word_1_382' title='bbox 826 3550 898 3606; x_wconf 91' lang='lat' dir='ltr'><strong>sine</strong></span> <span class='ocrx_word' id='word_1_383' title='bbox 929 3551 1004 3607; x_wconf 92' lang='lat' dir='ltr'><strong>ullo</strong></span> <span class='ocrx_word' id='word_1_384' title='bbox 1035 3551 1214 3608; x_wconf 87' lang='lat' dir='ltr'><strong>maleficio</strong></span> 
     </span>
     <span class='ocr_line' id='line_1_40' title="bbox 45 3618 1214 3770; baseline 0.003 -26"><span class='ocrx_word' id='word_1_385' title='bbox 45 3618 263 3770; x_wconf 45' lang='lat' dir='ltr'><strong>stianit}</strong></span> <span class='ocrx_word' id='word_1_386' title='bbox 281 3619 604 3762; x_wconf 48' lang='lat' dir='ltr'><strong>{sibilaut-eiii?</strong></span> <span class='ocrx_word' id='word_1_387' title='bbox 656 3620 749 3746; x_wconf 59' lang='lat' dir='ltr'><strong>ulii}</strong></span> <span class='ocrx_word' id='word_1_388' title='bbox 773 3622 1214 3763; x_wconf 58' lang='lat' dir='ltr'><strong>iliiuebinuiliisiuiig&#39;</strong></span> 
     </span>
     <span class='ocr_line' id='line_1_41' title="bbox 17 3709 1212 3833; baseline 0.004 -21"><span class='ocrx_word' id='word_1_389' title='bbox 17 3759 177 3815; x_wconf 72' lang='lat' dir='ltr'><strong>,ficiscrs</strong></span> <span class='ocrx_word' id='word_1_390' title='bbox 220 3759 315 3813; x_wconf 86' lang='lat' dir='ltr'><strong>brrcht</strong></span> <span class='ocrx_word' id='word_1_391' title='bbox 351 3776 381 3814; x_wconf 93' lang='lat' dir='ltr'><strong>er</strong></span> <span class='ocrx_word' id='word_1_392' title='bbox 416 3760 511 3832; x_wconf 81' lang='lat' dir='ltr'><strong>eiligst</strong></span> <span class='ocrx_word' id='word_1_393' title='bbox 547 3762 602 3817; x_wconf 87' lang='lat' dir='ltr'><strong>aui.</strong></span> <span class='ocrx_word' id='word_1_394' title='bbox 656 3709 704 3818; x_wconf 56' lang='lat' dir='ltr'><strong>des</strong></span> <span class='ocrx_word' id='word_1_395' title='bbox 728 3762 856 3832; x_wconf 83' lang='lat' dir='ltr'><strong>Subjects</strong></span> <span class='ocrx_word' id='word_1_396' title='bbox 880 3780 922 3833; x_wconf 88' lang='lat' dir='ltr'><strong>se,</strong></span> <span class='ocrx_word' id='word_1_397' title='bbox 945 3764 1066 3819; x_wconf 85' lang='lat' dir='ltr'><strong>welches</strong></span> <span class='ocrx_word' id='word_1_398' title='bbox 1088 3765 1141 3819; x_wconf 84' lang='lat' dir='ltr'><strong>wie</strong></span> <span class='ocrx_word' id='word_1_399' title='bbox 1159 3781 1212 3830; x_wconf 86' lang='lat' dir='ltr'><strong>me,</strong></span> 
     </span>
     <span class='ocr_line' id='line_1_42' title="bbox 12 3830 1214 3906; baseline 0.002 -20"><span class='ocrx_word' id='word_1_400' title='bbox 12 3843 16 3855; x_wconf 89' lang='grc'><strong>“</strong></span> <span class='ocrx_word' id='word_1_401' title='bbox 45 3831 139 3886; x_wconf 85' lang='lat' dir='ltr'><strong>Verba</strong></span> <span class='ocrx_word' id='word_1_402' title='bbox 164 3831 306 3885; x_wconf 78' lang='lat' dir='ltr'><strong>ventretea</strong></span> <span class='ocrx_word' id='word_1_403' title='bbox 330 3830 372 3886; x_wconf 81' lang='lat' dir='ltr'><strong>oft</strong></span> <span class='ocrx_word' id='word_1_404' title='bbox 396 3830 530 3887; x_wconf 84' lang='lat' dir='ltr'><strong>deutsche</strong></span> <span class='ocrx_word' id='word_1_405' title='bbox 555 3833 603 3888; x_wconf 91' lang='lat' dir='ltr'><strong>be·</strong></span> <span class='ocrx_word' id='word_1_406' title='bbox 656 3835 684 3888; x_wconf 86' lang='lat' dir='ltr'><strong>te</strong></span> <span class='ocrx_word' id='word_1_407' title='bbox 712 3833 842 3902; x_wconf 89' lang='lat' dir='ltr'><strong>(seltener</strong></span> <span class='ocrx_word' id='word_1_408' title='bbox 868 3850 931 3904; x_wconf 90' lang='lat' dir='ltr'><strong>nos,</strong></span> <span class='ocrx_word' id='word_1_409' title='bbox 959 3837 1033 3906; x_wconf 81' lang='lat' dir='ltr'><strong>vos),</strong></span> <span class='ocrx_word' id='word_1_410' title='bbox 1056 3851 1138 3889; x_wconf 79' lang='lat' dir='ltr'><strong>wenn</strong></span> <span class='ocrx_word' id='word_1_411' title='bbox 1164 3834 1214 3889; x_wconf 88' lang='lat' dir='ltr'><strong>der</strong></span> 
     </span>
     <span class='ocr_line' id='line_1_43' title="bbox 42 3900 1212 3977; baseline 0.002 -19"><span class='ocrx_word' id='word_1_412' title='bbox 42 3906 124 3958; x_wconf 86' lang='lat' dir='ltr'><strong>tonte</strong></span> <span class='ocrx_word' id='word_1_413' title='bbox 146 3900 297 3957; x_wconf 78' lang='lat' dir='ltr'><strong>Aduerbio.</strong></span> <span class='ocrx_word' id='word_1_414' title='bbox 316 3932 350 3941; x_wconf 86' lang='lat'><em>-</em></span> <span class='ocrx_word' id='word_1_415' title='bbox 374 3918 474 3972; x_wconf 83' lang='lat' dir='ltr'><strong>quam</strong></span> <span class='ocrx_word' id='word_1_416' title='bbox 496 3903 601 3958; x_wconf 87' lang='lat' dir='ltr'><strong>maxi·</strong></span> <span class='ocrx_word' id='word_1_417' title='bbox 655 3903 816 3974; x_wconf 86' lang='lat' dir='ltr'><strong>regierende</strong></span> <span class='ocrx_word' id='word_1_418' title='bbox 836 3923 862 3960; x_wconf 89' lang='lat' dir='ltr'><strong>u.</strong></span> <span class='ocrx_word' id='word_1_419' title='bbox 880 3904 1000 3977; x_wconf 81' lang='lat' dir='ltr'><strong>regierte</strong></span> <span class='ocrx_word' id='word_1_420' title='bbox 1019 3905 1084 3960; x_wconf 79' lang='lat' dir='ltr'><strong>Satn</strong></span> <span class='ocrx_word' id='word_1_421' title='bbox 1102 3903 1212 3976; x_wconf 78' lang='lat' dir='ltr'><strong>gleiehe</strong></span> 
     </span>
     <span class='ocr_line' id='line_1_44' title="bbox 43 3973 1212 4102; baseline 0.003 -3"><span class='ocrx_word' id='word_1_422' title='bbox 43 3973 117 4099; x_wconf 56' lang='lat' dir='ltr'><strong>{bisi</strong></span> <span class='ocrx_word' id='word_1_423' title='bbox 148 3973 374 4098; x_wconf 49' lang='lat' dir='ltr'><strong>pfftffiiuffl</strong></span> <span class='ocrx_word' id='word_1_424' title='bbox 399 3974 616 4100; x_wconf 53' lang='lat' dir='ltr'><strong>..hillidii</strong></span> <span class='ocrx_word' id='word_1_425' title='bbox 655 3974 787 4100; x_wconf 41' lang='lat' dir='ltr'><strong>{iiiia</strong></span> <span class='ocrx_word' id='word_1_426' title='bbox 811 3974 1212 4102; x_wconf 41' lang='lat' dir='ltr'><strong>&amp;sisii&#39;mnriihaii&#39;eisesilssn</strong></span> 
     </span>
     <span class='ocr_line' id='line_1_45' title="bbox 44 4064 1212 4197; baseline 0.005 -29"><span class='ocrx_word' id='word_1_427' title='bbox 44 4141 79 4162; x_wconf 84' lang='lat'><strong>==</strong></span> <span class='ocrx_word' id='word_1_428' title='bbox 97 4086 308 4196; x_wconf 74' lang='lat' dir='ltr'><strong>transalpinam.</strong></span> <span class='ocrx_word' id='word_1_429' title='bbox 324 4145 357 4154; x_wconf 88' lang='lat'><em>-</em></span> <span class='ocrx_word' id='word_1_430' title='bbox 376 4115 601 4197; x_wconf 80' lang='lat' dir='ltr'><strong>adGenavam</strong></span> <span class='ocrx_word' id='word_1_431' title='bbox 655 4115 732 4172; x_wconf 82' lang='lat' dir='ltr'><strong>wird.</strong></span> <span class='ocrx_word' id='word_1_432' title='bbox 756 4064 922 4173; x_wconf 73' lang='lat' dir='ltr'><strong>A&#39;upsseraem</strong></span> <span class='ocrx_word' id='word_1_433' title='bbox 936 4064 1140 4188; x_wconf 62' lang='lat' dir='ltr'><strong>gueiiehtgdie</strong></span> <span class='ocrx_word' id='word_1_434' title='bbox 1154 4118 1212 4174; x_wconf 90' lang='lat' dir='ltr'><strong>Un-</strong></span> 
     </span>
     <span class='ocr_line' id='line_1_46' title="bbox 42 4185 1211 4259; baseline 0.003 -19"><span class='ocrx_word' id='word_1_435' title='bbox 42 4187 217 4257; x_wconf 85' lang='lat' dir='ltr'><strong>pervenrt:</strong></span> <span class='ocrx_word' id='word_1_436' title='bbox 245 4185 355 4240; x_wconf 86' lang='lat' dir='ltr'><strong>kommt</strong></span> <span class='ocrx_word' id='word_1_437' title='bbox 381 4186 429 4240; x_wconf 81' lang='lat' dir='ltr'><strong>ber</strong></span> <span class='ocrx_word' id='word_1_438' title='bbox 453 4186 528 4242; x_wconf 77' lang='lat' dir='ltr'><strong>Geni</strong></span> <span class='ocrx_word' id='word_1_439' title='bbox 552 4204 600 4251; x_wconf 84' lang='lat' dir='ltr'><strong>an;</strong></span> <span class='ocrx_word' id='word_1_440' title='bbox 655 4188 845 4259; x_wconf 81' lang='lat' dir='ltr'><strong>terduickung</strong></span> <span class='ocrx_word' id='word_1_441' title='bbox 877 4189 925 4243; x_wconf 90' lang='lat' dir='ltr'><strong>des</strong></span> <span class='ocrx_word' id='word_1_442' title='bbox 960 4187 1088 4258; x_wconf 87' lang='lat' dir='ltr'><strong>Subjects</strong></span> <span class='ocrx_word' id='word_1_443' title='bbox 1120 4207 1149 4244; x_wconf 90' lang='lat' dir='ltr'><strong>se</strong></span> <span class='ocrx_word' id='word_1_444' title='bbox 1181 4192 1211 4243; x_wconf 90' lang='lat' dir='ltr'><strong>in</strong></span> 
     </span>
     <span class='ocr_line' id='line_1_47' title="bbox 43 4255 1212 4329; baseline 0.003 -19"><span class='ocrx_word' id='word_1_445' title='bbox 43 4274 104 4326; x_wconf 89' lang='lat' dir='ltr'><strong>per</strong></span> <span class='ocrx_word' id='word_1_446' title='bbox 135 4256 165 4310; x_wconf 90' lang='lat' dir='ltr'><strong>in</strong></span> <span class='ocrx_word' id='word_1_447' title='bbox 197 4256 302 4311; x_wconf 88' lang='lat' dir='ltr'><strong>diesem</strong></span> <span class='ocrx_word' id='word_1_448' title='bbox 333 4255 404 4311; x_wconf 77' lang='lat' dir='ltr'><strong>Com</strong></span> <span class='ocrx_word' id='word_1_449' title='bbox 424 4257 527 4312; x_wconf 89' lang='lat' dir='ltr'><strong>ositum</strong></span> <span class='ocrx_word' id='word_1_450' title='bbox 564 4258 603 4312; x_wconf 88' lang='lat' dir='ltr'><strong>ist</strong></span> <span class='ocrx_word' id='word_1_451' title='bbox 655 4257 783 4329; x_wconf 73' lang='lat' dir='ltr'><strong>ltngerer</strong></span> <span class='ocrx_word' id='word_1_452' title='bbox 797 4261 866 4313; x_wconf 81' lang='lat' dir='ltr'><strong>oret.</strong></span> <span class='ocrx_word' id='word_1_453' title='bbox 880 4259 935 4313; x_wconf 94' lang='lat' dir='ltr'><strong>obl.</strong></span> <span class='ocrx_word' id='word_1_454' title='bbox 952 4289 985 4298; x_wconf 92' lang='lat'><em>-</em></span> <span class='ocrx_word' id='word_1_455' title='bbox 1004 4264 1029 4312; x_wconf 84' lang='grc'><strong>4.</strong></span> <span class='ocrx_word' id='word_1_456' title='bbox 1048 4260 1212 4315; x_wconf 86' lang='lat' dir='ltr'><strong>memoria</strong></span> 
     </span>
     <span class='ocr_line' id='line_1_48' title="bbox 41 4274 1211 4409; baseline 0.003 -27"><span class='ocrx_word' id='word_1_457' title='bbox 41 4329 98 4382; x_wconf 84' lang='lat' dir='ltr'><strong>oft:</strong></span> <span class='ocrx_word' id='word_1_458' title='bbox 126 4325 277 4398; x_wconf 79' lang='lat' dir='ltr'><strong>gldcklich.</strong></span> <span class='ocrx_word' id='word_1_459' title='bbox 298 4358 329 4367; x_wconf 93' lang='lat'>-</span> <span class='ocrx_word' id='word_1_460' title='bbox 354 4333 380 4381; x_wconf 81' lang='lat'><strong>2.</strong></span> <span class='ocrx_word' id='word_1_461' title='bbox 399 4274 602 4409; x_wconf 41' lang='lat' dir='ltr'><strong>lirovineiae</strong></span> <span class='ocrx_word' id='word_1_462' title='bbox 656 4329 730 4396; x_wconf 81' lang='lat' dir='ltr'><strong>(Abl.</strong></span> <span class='ocrx_word' id='word_1_463' title='bbox 750 4329 798 4383; x_wconf 90' lang='lat' dir='ltr'><strong>des</strong></span> <span class='ocrx_word' id='word_1_464' title='bbox 816 4329 935 4399; x_wconf 85' lang='lat' dir='ltr'><strong>Mittels)</strong></span> <span class='ocrx_word' id='word_1_465' title='bbox 953 4330 1109 4384; x_wconf 86' lang='lat' dir='ltr'><strong>tenebat:</strong></span> <span class='ocrx_word' id='word_1_466' title='bbox 1131 4332 1211 4386; x_wconf 86' lang='lat' dir='ltr'><strong>recht</strong></span> 
     </span>
     <span class='ocr_line' id='line_1_49' title="bbox 42 4397 1229 4472; baseline -0.005 -17"><span class='ocrx_word' id='word_1_467' title='bbox 42 4399 111 4455; x_wconf 86' lang='lat' dir='ltr'><strong>toti</strong></span> <span class='ocrx_word' id='word_1_468' title='bbox 126 4423 160 4444; x_wconf 84' lang='lat'>=</span> <span class='ocrx_word' id='word_1_469' title='bbox 175 4398 284 4452; x_wconf 83' lang='lat' dir='ltr'><strong>Galliae</strong></span> <span class='ocrx_word' id='word_1_470' title='bbox 297 4397 431 4454; x_wconf 68' lang='lat' dir='ltr'><strong>ulteriore</strong></span> <span class='ocrx_word' id='word_1_471' title='bbox 447 4430 480 4439; x_wconf 93' lang='lat'>-</span> <span class='ocrx_word' id='word_1_472' title='bbox 495 4399 601 4472; x_wconf 88' lang='lat' dir='ltr'><strong>impe·</strong></span> <span class='ocrx_word' id='word_1_473' title='bbox 657 4400 710 4472; x_wconf 77' lang='lat' dir='ltr'><strong>gut</strong></span> <span class='ocrx_word' id='word_1_474' title='bbox 727 4401 840 4456; x_wconf 75' lang='lat' dir='ltr'><strong>uusste.</strong></span> <span class='ocrx_word' id='word_1_475' title='bbox 859 4431 891 4440; x_wconf 95' lang='lat'><em>-</em></span> <span class='ocrx_word' id='word_1_476' title='bbox 907 4400 947 4458; x_wconf 69' lang='lat' dir='ltr'><strong>li.</strong></span> <span class='ocrx_word' id='word_1_477' title='bbox 961 4399 1140 4456; x_wconf 54' lang='lat' dir='ltr'><strong>bensium.</strong></span> <span class='ocrx_word' id='word_1_478' title='bbox 1152 4401 1229 4451; x_wconf 57' lang='lat' dir='ltr'><strong>nicer</strong></span> 
     </span>
    </p>
   </div>
   <div class='ocr_carea' id='block_1_4' title="bbox 0 0 1406 4778">
    <p class='ocr_par' dir='ltr' id='par_1_6' title="bbox 0 0 1406 4778">
     <span class='ocr_line' id='line_1_50' title="bbox 0 0 1406 4778; baseline 0 4"><span class='ocrx_word' id='word_1_479' title='bbox 0 0 1406 4778; x_wconf 95' lang='lat' dir='ltr'><strong> </strong></span> 
     </span>
    </p>
   </div>
  </div>
 </body>
</html>
