2804 4778
496 227 565 281 ιιι.
584 226 631 282 Ν.
660 226 737 283 cac.
757 232 870 283 sa-e1.
1203 228 1261 292 121

97 394 246 472 reportari
277 399 413 471 possent,
445 401 476 452 et
504 395 601 453 omnia
630 392 765 477 deerant,
798 411 873 470 quae
903 393 939 452 ad
971 394 1146 456 reficiendas
1178 414 1268 457 naves

98 489 184 541 erant
206 482 283 560 usui,
306 490 345 560 et,
368 481 446 559 quod
470 479 608 544 omnihus
631 479 784 540 constabat
806 480 930 541 hiemari
953 483 983 540 iu
1006 480 1096 542 Gallia
1119 493 1268 564 oportere,

98 570 281 629 frumentum
304 569 350 629 his
372 570 403 629 in
426 568 499 629 locis
522 570 554 634 in
576 567 705 629 hiemem
726 569 879 646 provisum
902 587 961 631 nou
984 578 1056 630 erat.

188 654 238 717 30.
263 657 377 728 Quibus
401 656 491 716 rebus
510 658 636 734 cognitis
658 657 809 735 principes
827 655 1004 730 Britanniae,
1029 659 1080 736 qui
1097 666 1164 737 post
1182 678 1268 737 proe-

99 745 172 805 lium
196 745 230 805 ad
255 745 411 805 Caesarem
434 745 743 824 convenerantinter
773 762 805 803 se
828 742 980 824 collocem,
1009 764 1076 805 cunr
1100 749 1216 825 equites
1239 756 1270 808 et

99 851 188 893 naves
218 842 248 893 et
279 834 461 893 frumentum
489 831 629 893 Romanis
657 831 761 891 deesse
793 830 1000 910 intellegerent
1032 842 1061 894 et
1090 836 1269 912 paucitatem

99 921 227 981 militum
246 940 282 981 ex
303 930 470 982 castrorum
488 922 647 998 exiguitate
666 927 890 1001 cognoscerent,
908 939 983 998 quae
1002 921 1058 981 hoc
1078 930 1162 982 erant
1180 925 1270 984 etiam

100 1011 280 1089 angustiora,
303 1008 381 1088 quod
405 1010 469 1068 sine
491 1008 711 1087 impedimentis
730 1006 836 1068 Caesar
859 1007 990 1086 legiones
1010 1018 1269 1092 transportaverat,

100 1099 245 1175 optimum
275 1098 354 1158 iactu
382 1115 448 1156 esse
476 1095 626 1157 durnerunt
653 1094 815 1157 rebellione
843 1096 919 1155 iacta
947 1097 1096 1157 frumento
1125 1109 1306 1159 commea-2

101 1195 192 1263 tuque
220 1193 339 1247 nostros
366 1182 526 1263 prohibere
554 1191 584 1243 et
613 1201 677 1244 rem
704 1186 736 1245 in
759 1182 887 1243 hiemem
909 1185 1089 1264 producere,
1117 1186 1196 1264 quod
1222 1187 1270 1247 his

101 1275 248 1351 superatis
280 1282 330 1333 aut
362 1273 461 1335 reditu
497 1270 668 1333 interclusis
700 1272 849 1331 neminem
887 1280 990 1350 postea
1021 1272 1092 1333 belli
1122 1275 1270 1334 inferendi

101 1379 189 1421 causa
211 1363 241 1421 in
265 1361 447 1421 Britanniam
474 1362 670 1422 transiturum
699 1358 892 1419 confidebant.
939 1359 1041 1438 ltaque
1072 1379 1177 1421 rursus
1201 1381 1270 1422 con-

102 1451 249 1509 iuratione
273 1450 350 1510 iacta
371 1445 514 1528 paulatim
538 1467 574 1508 ex
597 1449 703 1508 castris
722 1446 875 1507 discedere
898 1464 931 1507 ac
951 1466 1021 1508 suos
1044 1447 1119 1508 clam
1137 1468 1174 1509 ex
1193 1452 1272 1529 agris

100 1536 248 1597 deducere
272 1544 443 1616 coeperunt.

190 1621 240 1685 31.
263 1626 301 1685 ht
324 1625 440 1706 Caesar,
463 1626 519 1685 etsi
543 1624 674 1684 nondum
693 1641 797 1683 eorum
821 1623 942 1683 consilia
962 1633 1148 1704 cognoverat,
1172 1633 1270 1686 tamen

101 1721 131 1773 et
154 1731 190 1772 ex
213 1722 322 1773 eventu
344 1714 463 1773 navium
490 1729 611 1773 suarum
634 1718 665 1771 et
688 1729 725 1771 ex
753 1729 802 1790 eo,
830 1711 909 1789 quod
939 1711 1058 1771 obsides
1086 1712 1155 1772 dere
1179 1715 1271 1773 inter·

101 1803 256 1880 miserant,
284 1801 348 1861 iore
376 1800 420 1879 id,
451 1799 530 1879 quod
562 1799 681 1878 accidit,
710 1798 923 1876 suspicabatur.
970 1798 1071 1876 ltaque
1105 1799 1140 1860 ad
1168 1811 1307 1861 omnest

103 1906 190 1948 casus
219 1887 349 1948 subsidia
378 1886 574 1966 comparabat.
621 1886 695 1945 Nam
723 1893 753 1945 et
778 1887 961 1945 frumentum
989 1905 1026 1945 ex
1057 1889 1136 1965 agris
1164 1888 1271 1948 cotidie

101 1979 133 2036 in
158 1983 253 2035 castra
272 1975 444 2035 conserebat
462 1983 492 2034 et
511 1992 585 2052 miae
609 1974 780 2051 gravissime
804 1973 928 2033 afflictae
948 1982 1033 2033 erant
1054 1992 1151 2054 naves,
1170 1993 1272 2034 carum

101 2065 224 2123 materia
249 2072 336 2142 atque
360 2081 428 2122 aere
452 2061 487 2121 ad
511 2061 640 2139 reliquas
664 2060 838 2119 reficiendas
861 2059 1001 2120 utebatur
1020 2069 1050 2120 et
1074 2079 1148 2139 quae
1168 2061 1202 2121 ad
1222 2080 1272 2121 eas

102 2170 151 2211 res
184 2161 269 2211 erant
302 2153 370 2210 usui
405 2168 441 2210 ex
475 2150 640 2210 continenti
673 2149 853 2226 comportari
884 2147 1012 2208 iubebat.
1058 2147 1173 2230 ltaque,
1203 2161 1308 2210 cume

103 2256 218 2299 summo
243 2238 340 2298 studio
364 2256 381 2296 a
403 2236 546 2297 militibus
569 2236 835 2316 administraretur,
858 2234 1014 2296 duodecim
1037 2236 1161 2297 navibus
1184 2239 1270 2298 amis-

104 2328 154 2404 sis,
178 2325 301 2403 reliquis
324 2334 357 2385 ut
380 2326 510 2404 navigari
534 2324 686 2384 commode
708 2332 819 2402 posset,
842 2325 948 2385 effecit.

101 2547 152 2585 vor
170 2529 246 2598 quod
265 2528 406 2593 omnibus;
430 2527 505 2582 siche
524 2533 554 2595 ι,
573 2533 607 2582 25
626 2546 661 2582 ιι
715 2526 866 2597 remigrare
893 2527 924 2582 in
951 2545 1033 2596 egros
1061 2528 1209 2583 iusserunt.
1238 2560 1273 2569 -

102 2601 129 2654 d.
148 2601 193 2656 W.
217 2630 250 2640 —
273 2601 309 2653 id
333 2629 366 2638 -
389 2598 544 2654 accidere
569 2599 660 2654 obers.
715 2598 898 2652 deducere:
923 2615 959 2652 ιιι
977 2601 1031 2652 ιιι
1051 2598 1115 2667 Ort,
1138 2600 1194 2653 der
1210 2617 1274 2654 zum

102 2671 189 2725 durch
208 2670 252 2724 ein
270 2670 390 2725 Adverb.
411 2699 443 2708 -
462 2669 608 2725 hiemari
628 2700 661 2708 -
714 2667 802 2738 Krieg
834 2670 965 2738 gecignet
996 2668 1106 2736 echion,
1143 2669 1201 2723 und
1238 2686 1274 2723 ιιι

101 2743 275 2810 oportere:
298 2738 422 2809 Beispiel
444 2739 550 2793 wofbr?
570 2771 602 2779 -
626 2738 662 2793 in
715 2739 850 2793 welchem
882 2739 923 2792 sie
951 2738 1102 2792 denselben
1133 2739 1274 2809 beginnen

101 2813 257 2866 hiemem:
285 2811 315 2865 in
340 2811 395 2864 den
418 2809 530 2863 Winicr
556 2809 661 2877 hinem,
715 2809 837 2864 wollben.

101 2882 147 2935 fur
169 2882 223 2936 den
240 2881 358 2936 Winter.
390 2879 501 2934 Ebenso
524 2885 553 2947 ὁ,
573 2884 606 2933 ιι
632 2880 663 2933 in

102 2951 228 3022 singulos
261 2967 356 3006 annos.
391 2981 423 2989 -
455 2951 489 3003 et
516 2980 550 2989 -
581 2964 659 3003 non:
750 2947 817 3017 Cap.
841 2954 883 3003 31.
913 2954 936 3001 1.
957 2949 1094 3003 eventu:
1120 2946 1274 3018 Schicksel,

102 3039 209 3075 warum
232 3020 312 3075 nicht
334 3026 440 3087 neque?
477 3020 504 3076 S.
524 3025 554 3086 3,
573 3024 607 3074 ιι
626 3037 659 3072 ιι
714 3018 860 3073 Geschick.
893 3049 926 3059 -
965 3017 1104 3073 nerium
1140 3035 1273 3074 suerum

103 3095 133 3146 et
150 3123 185 3132 -
203 3109 260 3147 non
277 3092 400 3160 possent.
713 3089 804 3143 iibere.
827 3089 901 3144 noch
920 3095 948 3156 1,
967 3095 983 3143 2
1007 3107 1041 3142 ιι
1063 3088 1143 3158 regni
1167 3089 1274 3158 cupidi-

712 3161 773 3214 tate
791 3159 818 3214 h.
840 3189 872 3198 -—
891 3159 963 3213 fore
983 3189 1016 3197 -
1036 3157 1165 3214 eccidit
1183 3161 1274 3216 iibers.

139 3233 204 3302 Cap.
220 3236 262 3289 30.
280 3238 302 3286 1.
318 3231 563 3285 convenerunt:
583 3229 660 3283 siche
714 3229 855 3285 entweder
877 3228 931 3284 mit
953 3245 1042 3299 „genu
1064 3229 1185 3299 richtig“
1207 3230 1275 3284 oder

102 3304 153 3357 des
168 3303 246 3358 Ende
265 3303 314 3356 des
333 3307 376 3356 ιι.
391 3300 523 3369 Capitale.
543 3329 577 3339 -
596 3299 660 3355 exi·
713 3300 854 3366 wortlich;
871 3299 941 3353 decu
954 3299 1042 3368 vergi.
1057 3305 1083 3368 3,
1099 3306 1132 3354 10
1146 3303 1275 3355 suerent

102 3370 662 3455 guitetezngepingehusdehnungoder
714 3369 754 3424 im
772 3369 892 3452 ιιι-ιιι.
913 3399 945 3409 -
970 3375 995 3426 ι.
1019 3370 1061 3423 ιιι
1085 3387 1210 3426 omnes:
1237 3373 1274 3453 ιιι

104 3441 662 3582 {tersistidetulilistis?
714 3440 1138 3578 lilffmdbeinbilaz'lffll‘ta}
1156 3442 1275 3580 {tlt}

106 3584 226 3638 etiosa:
249 3584 304 3637 hoc
321 3583 373 3638 wie
394 3589 423 3648 1,
442 3589 458 3637 ι
476 3582 505 3635 in
524 3583 577 3636 hoc
594 3580 661 3636 feci·
716 3597 841 3639 eorum:
860 3581 982 3651 Beispiel
997 3599 1031 3634 ιι
1045 3581 1180 3636 welchem
1193 3582 1274 3636 latei·

104 3655 178 3721 lius;
211 3653 296 3707 etiam
328 3672 377 3706 ιιι
409 3652 577 3721 Steigerung
612 3650 661 3704 des
714 3651 831 3706 nischen
868 3650 1133 3723 Sprechgebruuch?
1166 3682 1200 3691 -
1234 3650 1275 3706 ed

105 3723 297 3793 comparatius
315 3723 429 3791 „noch“.
449 3753 481 3762 -
507 3728 531 3777 ι.
549 3720 662 3776 fectu:
716 3738 772 3776 eos
790 3738 857 3777 res:
876 3739 943 3776 men
957 3723 1102 3776 ιιιιιιιιι
1119 3722 1173 3775 ιιι
1188 3721 1274 3790 sing,

104 3794 227 3864 Beispiel
240 3794 286 3848 fiir
300 3794 325 3852 d.
340 3793 488 3848 Gebreuch
503 3792 552 3846 des
567 3791 663 3860 Supin.
717 3792 782 3846 weil
808 3810 863 3846 nur
888 3808 944 3848 von
971 3791 1069 3846 ninom
1097 3791 1197 3844 Zweck
1228 3791 1274 3844 die

106 3865 158 3921 auf
172 3884 199 3920 u.
235 3865 292 3920 Ver
312 3865 332 3921 l.
351 3869 380 3932 ι,
402 3869 435 3918 33
454 3881 490 3917 ιι
508 3863 610 3916 arduus
629 3891 663 3902 -
717 3862 794 3917 Rode
812 3863 857 3917 ist.
886 3863 919 3916 In
937 3863 1000 3918 dem
1014 3861 1110 3915 Plurel
1129 3861 1195 3915 eber
1213 3860 1275 3914 siud

106 3952 245 3991 ascensus.
293 3884 348 3989 {ur
374 3935 583 4002 Ueberseteung
608 3949 665 3986 von
718 3932 764 3988 die
781 3933 873 4002 Dioge
891 3933 947 3988 alle
964 3930 1144 4000 inbegriffen,
1163 3931 1209 3984 die
1228 3949 1276 3984 zur

105 4007 183 4060 fectu
201 4006 258 4060 und
277 4005 340 4060 dem
358 4005 508 4074 folgenden
526 4002 665 4058 inferendi
717 4003 925 4073 vollstiandigen
951 4003 1163 4070 huebesserung
1190 4002 1275 4071 gehil-

106 4077 183 4131 siehe
204 4084 228 4144 1,
247 4083 262 4130 2
283 4095 317 4130 ιι
335 4075 472 4130 inductus.
487 4075 595 4129 -eut
612 4088 664 4128 re·
717 4090 780 4144 ren,
805 4074 858 4128 wie
881 4093 902 4127 ι.
922 4073 952 4128 Β.
972 4072 1017 4126 die
1040 4073 1219 4126 armamenta.
1239 4101 1275 4112 —-

106 4147 181 4202 dito
198 4145 413 4201 interclusis:
431 4147 493 4212 out,
510 4143 664 4207 odardoch
719 4161 759 4199 ex
796 4141 1011 4199 continenti
1045 4140 1071 4194 d.
1104 4140 1122 4195 i.
1156 4141 1274 4198 Gallien.

105 4217 331 4288 wenigsions.-
350 4232 478 4270 rursus:
497 4215 537 4269 im
554 4215 664 4284 Gegen·
718 4244 752 4253 —
772 4221 797 4268 3.
820 4212 968 4281 reliquis
995 4213 1044 4265 ut:
1072 4229 1121 4264 zur
1147 4211 1277 4281 Stellung

106 4291 165 4342 seiz
187 4306 221 4342 ιι
242 4303 311 4357 poce
333 4287 497 4342 confirmate
520 4303 542 4340 c.
562 4290 605 4342 28.
630 4315 663 4326 -
717 4300 773 4339 von
790 4282 905 4352 reliquis
924 4281 1083 4352 rergleiche
1103 4287 1157 4350 1,6
1177 4301 1210 4336 ιι
1229 4282 1276 4339 vix

106 4374 198 4413 suos:
222 4376 269 4411 zur
288 4357 376 4412 Socho
400 4356 476 4412 eiehe
500 4373 522 4413 c.
542 4361 576 4410 ιι
599 4371 663 4410 suos
718 4370 781 4423 que.
