2804 4778
484 237 553 292 LIB.
572 238 619 293 Vl.
648 237 726 293 CAP.
745 242 860 293 35-37.
1191 237 1253 302 197

78 419 194 463 summa
218 401 368 481 diligentia
392 402 500 463 milites
523 405 554 462 in
578 405 683 464 castris
707 406 904 464 continuisset
922 421 955 463 ao
974 421 1012 465 ne
1031 403 1165 464 edonem
1187 407 1252 483 qui-

78 492 147 552 dem
172 507 351 569 quemquam
374 499 458 551 extra
481 493 661 552 munitiones
684 491 786 570 egredi
808 508 914 572 passus
938 501 1030 573 esset,
1054 494 1180 572 septimo
1204 494 1252 554 die

79 578 216 640 diflidens
248 579 286 639 de
318 597 443 639 numero
473 579 590 640 dierum
622 578 779 641 Caesarem
815 581 903 641 tidem
935 588 1136 662 servaturum,
1173 583 1252 660 quod

78 668 195 746 longius
218 685 412 747 progressum
436 667 586 742 audiebat,
610 684 707 747 neque
730 668 790 729 ulla
813 670 849 730 de
872 669 971 730 reditu
995 671 1059 730 eius
1083 670 1160 729 lama
1183 671 1252 731 alie·

78 755 214 837 rebatur,
239 756 326 816 simul
345 773 450 816 eorum
468 764 623 836 permotus
641 756 778 838 vocibus,
797 760 849 836 qui
867 755 946 818 illius
964 760 1137 836 patientiam
1158 776 1252 838 paene
1271 771 1287 819 2

78 845 283 905 obsessionem
312 843 514 926 appellabant,
544 845 691 925 siquidem
721 864 758 906 ex
788 849 894 907 castris
917 846 1019 926 egredi
1050 864 1110 907 non
1140 847 1253 928 liceret,

77 933 192 995 nullium
216 933 362 993 eiusmodi
385 951 487 994 casum
508 942 697 1015 exspectans,
719 952 779 1013 quo
799 951 905 995 novem
923 937 1068 1015 oppositis
1086 935 1253 1014 legionibus

78 1025 267 1100 maximoque
291 1024 425 1100 equitatu
449 1023 592 1102 dispersis
615 1041 649 1084 ac
672 1040 766 1102 paene
790 1023 896 1084 deletis
919 1023 1055 1084 hostibus
1078 1026 1109 1083 in
1132 1024 1253 1086 milibus

75 1129 219 1192 passuum
243 1096 417 1171 lll‘olleudi
439 1120 554 1192 posset,
578 1113 709 1191 quinque
734 1111 872 1173 cohortes
895 1113 1110 1173 frumentatum
1130 1116 1161 1172 in
1184 1132 1252 1192 pro·

75 1203 169 1260 ximas
193 1208 310 1278 segetes
334 1201 433 1280 mittit,
448 1217 521 1278 quas
543 1203 623 1260 inter
646 1209 676 1260 et
699 1208 795 1260 castra
818 1219 897 1261 unus
917 1203 1037 1261 omnino
1057 1200 1140 1262 collis
1160 1204 1252 1262 inter·

76 1296 148 1349 erat.
196 1287 370 1367 Complures
399 1295 484 1348 erant
506 1307 542 1348 ex
570 1287 737 1367 legionibus
761 1291 842 1368 aegri
869 1289 979 1370 relieti3
1009 1307 1045 1349 ex
1069 1289 1177 1367 quibus
1200 1291 1287 1368 quia

75 1378 132 1437 hoc
165 1379 259 1456 spatio
292 1376 409 1436 dierum
442 1376 665 1458 convaluerant,
698 1379 818 1438 circiter
852 1376 936 1459 CCC,
968 1377 1024 1437 sub
1056 1377 1161 1438 vexillo
1194 1395 1252 1438 una

76 1469 250 1546 mittuntur3
277 1482 381 1543 magna
397 1473 564 1543 *praeterea
587 1465 746 1526 multitudo
771 1465 1049 1546 calonum,'magna
1071 1467 1115 1526 vis
1138 1469 1252 1527 iumen-

75 1563 188 1634 torum,
212 1556 341 1632 quaein
365 1556 471 1614 castris
496 1553 706 1635 subsederant,
729 1556 805 1615 lacta
827 1562 975 1634 potestate
999 1556 1142 1632 sequitur.

166 1639 217 1702 37.
242 1641 305 1702 Hoc
328 1644 392 1721 ipso
416 1650 550 1722 tempore
575 1652 604 1704 et
633 1661 704 1703 casu
728 1642 868 1703 Germani
898 1645 1014 1722 equites
1040 1645 1253 1724 interveniunt,

74 1733 272 1810 protinusque
296 1729 400 1790 eodem
428 1730 494 1811 illo,
522 1749 581 1811 quo
609 1739 766 1812 venerant,
796 1751 887 1793 cursu
915 1732 951 1792 ab
975 1732 1138 1793 decumana
1165 1739 1252 1811 porta

74 1823 106 1880 in
130 1827 226 1880 castra
254 1821 421 1898 irrumpere
449 1830 608 1901 conantur,
635 1838 692 1881 nec
720 1823 804 1899 prius
828 1829 898 1883 sunt
925 1823 981 1881 visi
1010 1819 1134 1881 obiectis
1158 1819 1194 1879 ab
1218 1835 1288 1887 eaa

74 1916 159 1988 parte
184 1907 278 1987 silvis,
302 1925 391 1985 quam
413 1910 520 1968 castris
543 1911 832 1990 appropinquarent,
859 1928 955 1989 usque
979 1927 1030 1989 eo,
1057 1918 1090 1969 nt
1115 1911 1168 1986 qui
1196 1908 1251 1969 sub

74 2131 172 2187 mittit.
193 2163 227 2171 -
247 2131 306 2200 qui
324 2157 358 2177 =
373 2148 436 2186 eum
454 2132 487 2199 is,
506 2129 638 2184 wthrend
692 2130 835 2185 vexillo:
849 2129 896 2186 die
907 2131 1179 2187 Reconvaleseenten
1193 2149 1253 2186 ver·

77 2221 107 2258 er
130 2203 214 2271 doch,
236 2203 323 2258 daher
342 2203 391 2257 der
410 2200 583 2272 Conjnnctiv.
603 2232 637 2242 —
692 2201 817 2271 einigten
836 2201 896 2256 sich
915 2200 1052 2256 demnach
1066 2205 1147 2257 unter
1162 2203 1252 2257 einem

74 2275 274 2342 praeceptis
298 2272 468 2328 Caesaris:
495 2273 565 2327 iiber
592 2272 638 2327 die
691 2272 849 2328 besondern
866 2273 1000 2327 vexillum
1018 2273 1184 2342 (Ftthnlein).

76 2344 243 2412 Bedeutung
265 2345 314 2399 des
332 2343 395 2398 Abi
416 2362 436 2398 s.
456 2350 486 2410 6,
505 2349 549 2410 27,
568 2349 584 2398 b
604 2362 639 2398 zu

78 2414 286 2471 consuetudine.
306 2445 340 2454 -
363 2414 397 2469 in
416 2414 540 2469 castris
559 2431 638 2470 con·
728 2414 795 2485 Cap.
823 2421 866 2469 et.
903 2414 936 2467 In
972 2413 1078 2468 diesem
1109 2415 1167 2468 und
1198 2415 1253 2469 den

74 2486 252 2540 timuisset:
271 2487 325 2552 mit
341 2485 371 2539 in
390 2484 489 2540 cestris
507 2485 595 2555 vergl.
611 2492 637 2554 2,
691 2486 842 2556 folgenden
861 2485 900 2539 Ca
919 2484 991 2540 iteln
1008 2484 1148 2540 treffliche
1163 2485 1252 2539 Schil·

76 2565 124 2624 11,
144 2563 173 2623 23
201 2558 323 2612 weloher
345 2555 529 2611 Untersehied
552 2557 639 2611 findet
692 2557 799 2625 dernng
822 2556 871 2610 des
894 2503 1030 2621 lorfaha:
1057 2555 1142 2610 meist
1166 2556 1252 2611 histo-

75 2628 211 2683 zwischen
228 2629 331 2683 beiden
344 2628 530 2696 Wendungen
548 2629 638 2683 statt?
690 2627 781 2681 rische
809 2625 984 2693 Praesentia,
1015 2625 1130 2680 kdrzere
1163 2625 1253 2697 Sttze,

76 2730 109 2739 -
134 2714 182 2754 ao:
206 2700 286 2754 nicht
304 2699 403 2767 „und“.
428 2727 462 2739 -
485 2715 526 2752 ne
545 2699 637 2752 calo·
690 2697 922 2766 cnapadene-1.
937 2697 1007 2750 Hoc
1020 2695 1094 2766 ipso
1107 2726 1141 2736 -
1156 2712 1249 2752 casu:

74 2787 148 2825 nem
164 2770 301 2839 quidem
314 2785 529 2837 quemquam:
544 2768 636 2836 Beisp.
690 2767 745 2822 hoc
763 2768 825 2837 ipso
843 2767 946 2837 gehdrt
969 2767 1110 2821 nstdrlieh
1128 2767 1200 2821 auch
1219 2786 1253 2821 zu

77 2842 122 2895 fiir
140 2841 194 2895 den
213 2839 432 2909 adjectivisohen
445 2837 592 2892 Gebrauch
609 2856 636 2894 r.
691 2854 770 2892 casn:
785 2838 888 2906 gerarde
897 2838 927 2891 in
938 2836 1045 2892 diesem
1058 2836 1253 2907 Angenblioke

76 2912 275 2980 quisquam-
291 2909 438 2978 septimo
457 2908 524 2963 die:
540 2908 637 2963 shnf.
690 2908 748 2963 und
775 2910 857 2962 anter
885 2908 981 2963 diesen
1007 2907 1160 2977 :stringen
1184 2909 1253 2963 Um·

75 2997 130 3036 von
146 2980 331 3034 oth-de
349 2995 486 3034 numero
506 2979 637 3033 dierum
691 2979 811 3033 sttnden
833 2979 934 3046 (dieser
957 2978 1090 3048 zumiliga
1116 2979 1252 3034 Umstand

75 3050 209 3106 verbinde
227 3051 280 3104 mit
298 3050 381 3104 fidem
402 3051 583 3104 servaturum.
601 3079 637 3089 ——
691 3050 759 3103 aber
770 3048 890 3104 bestand
904 3050 993 3118 derin,
1012 3051 1075 3104 dces
1088 3049 1135 3105 die
1149 3049 1252 3106 Romer

74 3121 254 3176 audiebat:
282 3139 302 3176 s.
327 3138 350 3176 c.
370 3127 404 3176 33
428 3139 462 3175 zu
484 3117 510 3176 d.
533 3120 579 3175 W.
602 3151 636 3160 -
691 3119 742 3175 das
768 3119 861 3189 Leger
891 3120 1035 3176 ierlassen
1064 3120 1163 3175 hatten
1194 3121 1252 3174 und

75 3192 299 3260 estquidam:
316 3192 518 3260 wennanders,
537 3192 638 3246 nithart
691 3191 779 3245 dnroh
796 3191 858 3246 ihre
876 3190 1053 3261 Entiernung
1070 3191 1125 3245 den
1143 3190 1255 3260 Angriff

75 3263 134 3318 sich
144 3264 194 3318 der
203 3263 333 3318 causalem
343 3263 636 3332 Bedeutun33dbers.=
691 3262 741 3316 der
772 3262 931 3317 Germanou
965 3262 1183 3332 beginstigten).
1216 3293 1251 3303 -

74 3334 205 3390 insolern.
244 3365 278 3375 -
313 3350 434 3389 novem
466 3332 637 3403 oppositis
691 3333 809 3387 eodem
836 3360 870 3374 -
900 3350 1012 3389 eursu:
1040 3334 1190 3403 geredezn,
1221 3333 1251 3387 in

77 3437 108 3444 -
134 3405 307 3474 equitatu:
335 3403 404 3460 iiber
432 3403 477 3458 die
501 3403 592 3458 Socho
615 3422 636 3460 s.
692 3403 783 3458 einem
823 3404 1123 3474 (nnunterbroehenen)
1166 3403 1251 3475 zaga,

75 3493 98 3530 e.
114 3482 164 3542 333
186 3493 220 3530 zu
235 3475 413 3545 equitatnist
431 3475 637 3530 notdrlichens
691 3475 779 3544 vergh
809 3482 837 3544 7,
860 3479 903 3531 28.
931 3504 965 3514 -
998 3475 1040 3529 eb
1066 3475 1252 3530 decumana

75 3545 212 3615 oppositis
235 3546 284 3600 des
301 3545 435 3601 Prhdiost
452 3564 485 3599 zu
507 3546 636 3600 nehmen.
690 3548 805 3628 porte:
824 3565 846 3601 s.
860 3552 966 3614 r‚24,2
980 3565 1002 3600 c.
1017 3546 1044 3600 d.
1058 3546 1251 3602 W.-r.0b-

76 3615 637 3686 —dispersis-hostibusistDetir,
691 3617 807 3671 rectis:
830 3618 937 3687 vorleg.
960 3646 995 3657 ·—
1018 3616 1059 3671 ab
1078 3632 1117 3671 ea
1138 3618 1251 3686 parte:

75 3687 219 3757 abhangig
231 3693 305 3769 ron?
325 3715 358 3727 ——
375 3686 557 3769 dispersis:
575 3703 637 3769 ver·
692 3687 728 3742 ab
745 3687 776 3741 in
798 3687 945 3743 desselben
963 3687 1128 3757 Bedeutnng
1150 3686 1252 3768 wiein

74 3760 324 3895 safarim?
342 3757 638 3898 cenamus
691 3758 1251 3909 :tartareamque

75 3901 161 3982 longo
170 3899 262 3970 spatio
277 3899 335 3953 und
345 3905 370 3966 3,
381 3902 414 3953 12
429 3899 560 3954 horarum
568 3899 637 3954 duo·
690 3899 754 3956 Ani.
773 3899 829 3969 (die
850 3900 952 3954 deinde
971 3899 1070 3953 hatten
1088 3914 1143 3952 von
1161 3898 1252 3952 dieser

75 3972 166 4026 domm
184 3970 335 4041 11)αῇομ-
354 3969 501 4025 offendi:
520 3969 636 4026 offendi·
692 3970 767 4025 Seite
794 3969 982 4040 angegriffen,
1009 3967 1100 4022 demit
1127 3967 1167 4022 sie
1190 3968 1251 4022 sich

74 4048 134 4108 tur,
157 4057 224 4096 mon
241 4041 280 4095 ist
297 4041 489 4112 ungldeklich,
511 4042 563 4096 hat
580 4041 636 4095 Un·
690 4041 798 4096 ndhern
824 4041 967 4109 konnten).
1000 4068 1033 4078 —-
1066 4055 1171 4107 nsque
1199 4055 1250 4094 eo:

75 4113 174 4182 gliick3
194 4113 344 4167 demnach:
367 4111 500 4166 woduroh
518 4113 563 4166 ein
581 4112 637 4166 Un-
691 4111 844 4182 ergentlroh
853 4112 898 4165 bis
907 4110 1002 4177 daban,
1015 4109 1039 4163 d.
1051 4126 1070 4163 1.
1086 4126 1116 4163 so
1126 4109 1200 4164 weit.
1216 4140 1250 4150 -

76 4183 162 4253 gldck
173 4182 637 4254 sichereignenkbnnte.——quas
691 4182 749 4250 qni
776 4208 810 4221 -
837 4184 1057 4236 mercatores:
1089 4179 1250 4236 tenderent:

74 4256 181 4309 inter:
196 4254 291 4308 merke
305 4254 351 4308 die
364 4254 493 4323 Stellnng
506 4254 556 4308 der
569 4253 636 4308 Ρῑὶ-4
691 4253 752 4306 ihre
767 4252 845 4306 Zella
863 4251 962 4306 hatten
980 4251 1062 4320 (iiber
1081 4252 1127 4306 die
1142 4281 1175 4290 —
1190 4251 1250 4304 fell·

75 4325 206 4395 position.
226 4355 260 4365 -
279 4342 378 4379 nnus:
397 4342 417 4378 s.
439 4332 467 4392 1,
486 4329 503 4379 9
522 4342 555 4378 nu
574 4339 637 4378 una.
691 4320 862 4392 haltenden).
886 4322 938 4378 Die
952 4325 1118 4378 mercatores
1131 4321 1250 4376 heustan

78 4426 112 4436 —-
136 4402 161 4450 3.
181 4396 312 4451 relicti:
336 4397 376 4451 im
398 4395 497 4467 Leges.
521 4426 554 4435 —
578 4394 638 4448 sub
692 4393 749 4449 den
761 4392 901 4449 Soldateu
911 4393 1115 4450 tianensem
1124 4394 1265 4445 mass:-
