2804 4778
476 183 611 287 blaivi.
637 228 713 286 cAP.
733 235 846 286 rs-ao.
1181 230 1245 296 185

74 403 193 475 quatur.
238 394 272 456 ln
294 395 418 474 reliquis
445 399 523 458 vitae
549 399 695 458 institutis
719 397 776 458 boc
800 399 862 458 lere
885 397 921 458 ab
945 397 1068 476 reliquis
1094 398 1279 472 differunta

74 484 155 564 quod
178 502 248 545 suos
270 484 395 566 liberos,
422 486 480 546 nisi
502 504 570 547 cum
593 485 797 567 adoleverunt,
824 496 860 547 nt
881 504 990 547 munus
1013 486 1134 548 militiae
1157 490 1245 548 susti·

74 592 147 634 nere
177 575 304 652 possint,
333 573 429 652 palam
457 574 492 634 ad
521 592 553 635 se
581 575 662 635 adire
690 592 751 635 non
778 577 932 653 patiuntur
959 575 1110 654 filiumque
1137 576 1246 655 puerili

75 670 170 723 aetate
194 664 225 722 in
248 661 368 741 publico
391 664 422 722 in
446 672 608 743 conspeetu
630 665 723 743 patris
747 666 885 724 assistere
909 672 996 744 turpe
1020 663 1142 725 ducunt.

166 748 216 812 19.
243 750 319 831 Viri,
349 759 474 829 quantas
502 753 643 831 pecunias
672 751 708 812 ab
736 751 879 812 uxoribus
909 753 986 813 dotis
1014 755 1132 813 nomine
1163 771 1245 814 aece-

69 847 198 919 perunt,
227 847 322 900 tantas
347 857 382 900 ex
406 843 468 900 suis
490 840 577 901 bonis
600 843 803 902 aestimatione
831 842 998 902 saetacum
1023 841 1143 901 dotibus
1166 859 1244 902 eom-

75 931 237 989 municant.
273 928 368 989 Huius
392 931 487 989 omnis
510 932 653 1008 pecuniae
677 932 859 990 coniunctim
877 933 952 990 ratio
974 929 1098 990 habetur
1117 931 1279 991 fructus-2

72 1035 132 1095 que
156 1024 326 1078 servantur:
353 1025 422 1078 uter
444 1035 550 1079 eornm
572 1021 631 1079 vita
654 1021 816 1099 superavit,
844 1018 881 1079 ad
904 1037 972 1078 eum
995 1037 1064 1097 pars
1087 1021 1244 1098 utriusque

71 1124 143 1165 cum
167 1104 314 1166 fructibus
337 1109 526 1185 superiorum
548 1114 716 1186 temporum
739 1109 882 1187 pervenit.
925 1106 987 1167 Viri
1009 1109 1041 1166 in
1064 1124 1182 1188 uxores,
1206 1110 1244 1168 si·
1264 1120 1280 1169 3

74 1195 138 1254 cuti
160 1195 192 1253 in
216 1193 340 1276 liberos,
368 1197 444 1255 vitae
471 1198 614 1274 necisque
642 1194 752 1256 habent
777 1203 967 1275 potestatem3
996 1203 1025 1255 et
1053 1213 1121 1256 eum
1148 1204 1245 1275 pater·

73 1282 200 1342 familiae
227 1282 389 1344 illustriore
412 1283 477 1344 loeo
505 1293 592 1344 natus
620 1285 763 1365 decessit,
792 1287 856 1345 eius
882 1286 1043 1364 propinqui
1066 1287 1246 1345 conveniunt

74 1380 113 1451 et,
137 1370 173 1431 de
197 1379 293 1432 morte
312 1375 338 1432 si
360 1390 410 1432 res
433 1375 463 1433 in
487 1375 688 1452 suspicionem
710 1375 790 1433 venit
797 1421 805 1453 ,
828 1373 864 1432 de
889 1372 1031 1432 uxoribus
1053 1375 1086 1433 in
1109 1372 1246 1434 servilem

72 1459 196 1520 modum
219 1463 423 1538 quaestionem
446 1461 558 1522 babent
574 1470 617 1542 et,
645 1464 671 1523 si
693 1471 878 1541 compertum
903 1471 960 1536 est,
988 1463 1050 1540 igni
1072 1469 1160 1540 atque
1184 1480 1244 1522 om·

74 1547 164 1608 nibus
193 1552 350 1610 tormentis
379 1554 562 1612 excruciatas
591 1550 781 1612 interficiunt.
831 1550 949 1610 Funera
978 1559 1049 1610 sunt
1077 1568 1132 1629 pro
1162 1550 1280 1612 cultu4

72 1635 224 1703 Gallorum
248 1640 401 1717 magnifica
419 1647 450 1700 et
468 1647 653 1721 sumptuosa3
676 1642 842 1721 omniaque,
865 1656 940 1718 qnae
959 1640 1032 1698 rivis
1052 1639 1134 1699 cordi
1153 1640 1245 1700 tuisse

76 1724 268 1807 arbitramur,
289 1729 439 1807 inignem
462 1730 603 1810 inierunt,
626 1731 715 1790 etiam
738 1728 881 1808 animalia,
904 1747 938 1788 ac
956 1727 1044 1806 paulo
1063 1745 1152 1806 supra
1170 1728 1246 1788 banc

74 1816 247 1873 memoriam
277 1818 355 1875 servi
381 1825 411 1877 et
439 1817 575 1897 clientes,
605 1835 679 1896 quos
708 1816 744 1876 ab
772 1819 809 1878 iis
837 1816 961 1877 dilectos
990 1833 1055 1876 esse
1084 1815 1246 1897 constabat,

75 1904 163 1963 iustis
186 1902 342 1963 funeribus
366 1906 509 1983 conlectis
531 1923 591 1966 nna
614 1904 830 1965 cremabantur.

71 2036 74 2043 .
164 1987 217 2051 20.
241 1990 322 2061 Quae
345 1995 478 2055 civitates
501 1993 685 2054 commodius
704 2011 787 2053 suam
810 1992 1023 2071 rempublicam
1042 1992 1246 2052 administrare

74 2081 294 2162 existimantur,
321 2080 432 2142 habent
457 2080 572 2162 legibus
600 2092 749 2164 sanctum,
776 2083 891 2160 siquis
919 2080 989 2159 quid
1013 2080 1049 2141 de
1073 2080 1247 2158 republica

75 2267 160 2335 Form
178 2267 229 2321 hab
248 2267 333 2322 Cttsar
355 2269 427 2323 auch
449 2285 588 2338 mensnm3
613 2288 634 2326 s.
690 2275 714 2337 1,
733 2276 749 2324 6
768 2288 803 2323 zu
819 2269 867 2324 vix
885 2285 953 2339 qua3
977 2268 1055 2324 venit
1072 2268 1109 2323 ist
1126 2269 1247 2324 welches

75 2344 106 2403 1,
125 2343 141 2391 5
160 2337 246 2391 trium
268 2355 395 2393 mensum
413 2341 513 2395 molita
531 2341 635 2397 cibaria
689 2341 829 2411 Tempus?
857 2368 892 2381 -
920 2339 954 2393 in
986 2338 1148 2394 servilem
1179 2356 1247 2395 mo·

75 2409 279 2478 sibiqnemque
289 2410 372 2464 domo
382 2410 636 2468 efferreiubent.-
689 2412 776 2466 dum:
799 2411 830 2467 in
847 2410 900 2466 wie
918 2411 948 2466 in
965 2412 1068 2466 mirum
1085 2411 1116 2465 in
1133 2411 1248 2465 modum

74 2486 101 2533 3.
124 2480 198 2535 fere
220 2480 260 2534 ab
283 2480 445 2551 reliquis:
463 2483 529 2553 fers,
547 2486 634 2551 etwa3
691 2491 719 2552 1,
741 2489 784 2537 41.
831 2483 888 2537 Der
915 2482 1059 2552 Ankldger
1084 2482 1190 2536 konnte
1216 2481 1248 2536 in

75 2552 113 2605 ab
136 2550 261 2620 reliquiar
284 2553 458 2608 namentlich
480 2571 536 2609 von
558 2555 635 2610 (inie-
688 2553 825 2624 gewissen
842 2553 1065 2608 Criminalfallen
1087 2553 1247 2622 verlangen,

74 2623 147 2677 chen
172 2641 198 2676 u.
217 2623 347 2680 Rdmern.
367 2655 400 2664 -«
419 2625 539 2680 nisi-
557 2643 634 2682 non:
690 2627 753 2680 dass
776 2625 822 2680 dis
841 2625 959 2679 Selenen
983 2624 1033 2678 des
1050 2624 1264 2694 Angeklagten'

72 2712 97 2748 s.
123 2701 152 2762 1,
174 2699 222 2761 44,
249 2701 273 2749 6.
302 2724 336 2735 -
367 2695 463 2752 adire
490 2697 635 2752 fibersetze
688 2695 1000 2750 durchdieFolterxum
1008 2694 1249 2749 Gesttndnissder

75 2765 150 2819 nach
166 2772 190 2833 1,
209 2770 245 2819 44
263 2783 298 2818 nu
316 2766 383 2837 gari.
411 2767 466 2820 Zur
480 2767 634 2835 Construct.
688 2766 838 2822 Wahrheit
860 2765 996 2837 gebracht
1018 2764 1130 2818 werden
1152 2764 1247 2819 mdab-

75 2853 131 2891 von
151 2835 216 2904 'pati
236 2835 324 2906 rergl.
348 2854 372 2891 c.
396 2843 412 2892 8
435 2855 469 2891 an
491 2855 582 2906 neque
600 2869 636 2880 -·
688 2840 745 2894 ten.
760 2867 794 2878 -
813 2838 1022 2906 compertum
1041 2836 1105 2889 est:
1125 2835 1248 2891 n'dmlich

74 2906 145 2975 pati.
162 2936 195 2947 -
214 2906 344 2974 puerili
361 2907 490 2962 aetate:
508 2909 596 2979 vergi
611 2916 637 2978 3,
690 2908 750 2976 das,
768 2924 825 2962 was
843 2925 908 2960 num
921 2907 1064 2960 Vendaeht
1081 2906 1181 2960 Aniass
1199 2923 1247 2976 ge·

77 2984 94 3031 ‘l
119 2994 151 3030 zu
181 2977 358 3031 adulescens:
387 2978 433 3032 ain
459 2979 532 3033 noch
558 2980 638 3034 nicht
689 2978 781 3048 geben
793 2978 852 3035 bat.
866 3008 902 3019 —
921 2977 1152 3032 excruciatas:
1166 2976 1248 3032 tiber·

75 3047 270 3102 erwachsener
287 3048 371 3103 Sohn.
389 3079 425 3088 -
443 3048 477 3103 in
495 3051 641 3118 publico·
689 3050 765 3104 siche
788 3048 868 3102 nicht
885 3064 926 3104 ex.
947 3077 980 3089 -
998 3055 1024 3102 4.
1043 3064 1117 3118 pro:
1141 3065 1162 3102 s.
1182 3055 1211 3115 1,
1230 3053 1246 3102 2

78 3151 111 3159 —
139 3118 316 3173 assistere:
349 3119 492 3174 offentlioh
524 3136 560 3174 an
587 3121 637 3176 der
689 3138 725 3174 nu
737 3136 789 3190 pro
802 3118 991 3174 multitudino.
1007 3149 1040 3160 -
1060 3117 1247 3174 cultuzoul·

75 3190 153 3245 Seite
178 3188 267 3245 seines
286 3190 386 3245 Vaters
409 3208 443 3244 zu
465 3192 635 3247 erseheinen.
688 3190 860 3246 taratola-
874 3190 970 3245 cordi
981 3190 1100 3244 luisse:
1118 3188 1175 3244 lieb
1189 3190 1247 3244 und

113 3261 180 3331 Cap.
207 3267 249 3315 19.
286 3267 310 3314 1.
338 3261 516 3332 pecunias:
543 3265 635 3319 libers.
688 3262 787 3318 theuer
805 3277 934 3332 genesen
950 3261 996 3317 ist.
1016 3291 1049 3302 -
1069 3277 1106 3315 ao
1128 3261 1246 3331 paulo:

76 3331 471 3403 auchdenPlural.-dotis
484 3334 634 3389 nomine:
688 3333 758 3388 iiber
782 3349 816 3388 ac
838 3351 859 3388 s.
879 3339 904 3401 2,
923 3338 958 3387 28
976 3350 1009 3386 nu
1032 3349 1065 3386 ac
1089 3332 1201 3387 nomine
1219 3350 1247 3387 ιι.

75 3423 98 3458 s.
118 3410 143 3471 3,
161 3409 177 3458 2
197 3421 230 3457 au
247 3404 377 3459 obsidum
394 3404 506 3459 nomine
526 3435 560 3446 -
577 3408 635 3462 bo·
688 3405 757 3459 iiber
778 3405 863 3476 paulo
887 3420 909 3458 o.
930 3409 954 3459 9.
979 3434 1013 3443 -
1035 3419 1137 3473 supra
1161 3403 1247 3457 hanc

74 3475 141 3529 nis:
168 3474 335 3544 Vermdgen.
360 3506 393 3515 -
417 3482 441 3531 2.
466 3475 576 3531 Huius
598 3509 634 3518 —
688 3476 898 3531 memoriam:
917 3491 967 3529 ror
984 3474 1179 3542 unsererZait‚
1198 3491 1247 3529 un·

75 3545 243 3616 pecuniae
256 3545 347 3601 fibers.
361 3547 434 3601 nach
444 3552 468 3614 1,
482 3553 498 3600 2
514 3548 635 3619 zuregni
687 3562 751 3602 sern
763 3547 868 3616 Tagen.
888 3577 921 3587 -
941 3545 1126 3600 constabat
1143 3544 1246 3599 ubera:

75 3634 102 3671 a.
123 3613 265 3670 -ratio
284 3616 444 3670 babetur:
463 3618 531 3672 wird
545 3618 633 3673 Rech·
688 3619 817 3672 maman
826 3616 976 3687 allgemein
986 3615 1247 3681 annahm30derdie

75 3703 155 3756 nung
181 3685 303 3755 gefiihrt.
329 3717 362 3728 -
390 3689 467 3740 nter
493 3689 559 3742 eto:
586 3690 633 3744 ab.
688 3689 839 3758 allgemein
856 3688 898 3743 als
916 3719 949 3728 -
968 3687 1073 3757 gulten.
1089 3716 1123 3727 —
1141 3685 1246 3740 iustis

74 3759 140 3812 nter
162 3776 182 3812 s.
207 3762 236 3826 5,
260 3763 303 3814 44.
322 3760 362 3798 ‘-
392 3758 584 3827 superavit:
612 3778 633 3815 s.
686 3758 867 3814 funeribus
885 3757 1067 3814 confectis:
1085 3757 1158 3810 nach
1176 3755 1248 3810 voll-

75 3847 100 3884 c.
122 3835 154 3883 17
178 3847 212 3882 nu
235 3832 443 3897 superaverunt.
481 3829 635 3900 Uebrigens
688 3830 832 3900 sttndiger
849 3829 1037 3951 Beendigunp)
1050 3828 1100 3882 der
1116 3826 1163 3880 bei
1182 3826 1248 3881 dem

76 3901 140 3955 uter
154 3931 187 3940 -
202 3899 238 3954 ad
253 3917 317 3954 eum
325 3901 399 3955 libs:
418 3916 472 3969 „an
485 3900 540 3955 den
554 3902 634 3956 iiber-
688 3900 978 3971 Leichenbegtngniss
998 3904 1019 3951 a
1038 3898 1056 3953 l.
1076 3896 1247 3952 Gebrtuche.

76 3971 214 4025 lebenden
229 3971 336 4025 Theil‘.
350 4000 384 4011 —
399 3977 424 4026 3.
438 3987 513 4025 cnm
528 4002 561 4012 —
571 3972 636 4028 de·
727 3971 794 4041 Cap.
809 3977 851 4025 20.
872 3979 896 4025 1.
916 3968 1136 4025 commodius:
1154 3967 1249 4022 besser

76 4041 197 4108 cessit,
217 4072 248 4082 -
271 4042 481 4096 conveniunt
508 4060 528 4096 s.
553 4061 577 4099 c.
602 4049 634 4099 17
690 4043 749 4097 als?
769 4073 803 4082 —-
821 4039 1179 4096 habent-sanctum:
1198 4038 1248 4094 ha·

77 4131 112 4166 nn
140 4129 203 4166 cum
232 4145 264 4155 -
294 4112 504 4167 constituerunt.
533 4145 567 4154 -
595 4114 636 4169 de
689 4114 744 4169 ben
762 4113 808 4167 dis
822 4110 989 4181 gesetsliche
1004 4109 1210 4178 Bestimmnng;
1225 4127 1246 4165 s.

76 4185 187 4238 morte
206 4182 234 4237 si
253 4213 286 4222 -
304 4182 412 4237 venit:
430 4183 535 4239 uberes
553 4201 636 4240 wenn
690 4191 715 4251 5,
736 4191 778 4251 16,
795 4190 813 4236 4
832 4201 867 4236 zu
885 4180 1034 4251 dispositas
1052 4179 1197 4236 haberent.
1211 4211 1247 4220 -

77 4271 177 4323 wagan
200 4253 275 4309 eines
300 4253 473 4309 Todesfalles
496 4254 541 4309 ein
566 4256 636 4311 Ver·
689 4255 719 4309 si
747 4256 816 4308 eben
848 4253 929 4307 sohte
962 4251 1012 4307 aui
1041 4251 1086 4306 die
1119 4251 1248 4321 Stellung

78 4325 165 4379 dacht
189 4327 293 4396 (gegen
317 4325 363 4380 die
387 4325 470 4390 Fran)
498 4327 634 4392 sntsteht;
689 4326 779 4380 dieses
798 4323 905 4390 Satnes,
927 4324 982 4378 den
1001 4322 1052 4377 wir
1069 4322 1099 4377 in
1118 4323 1173 4378 den
1196 4322 1248 4377 fol-

76 4396 148 4450 iiber
165 4395 211 4450 die
231 4395 361 4466 Stellung
377 4413 433 4452 von
450 4395 485 4450 ds
502 4399 593 4453 morte
612 4415 635 4454 s.
689 4396 811 4468 gandent
839 4395 881 4450 uti
906 4394 943 4449 ad
969 4395 1167 4466 magistratum
1193 4399 1244 4450 eto
