2804 4778
126 213 128 217 ’
164 225 231 290 272
569 224 617 278 nn
636 223 756 278 sunno
775 221 933 278 aannrco

256 390 285 455 8.
309 392 390 463 Quae
411 391 518 452 Caesar
538 389 793 451 consentientibus
816 389 952 468 pluribus
976 407 1044 449 cum
1068 398 1227 467 cognosset
1252 397 1348 468 atque

167 501 209 563 ea,
234 500 308 560 qnae
327 487 576 559 proponerentur,
600 477 722 538 consilia
740 478 827 556 plena
845 477 1021 557 prudentiae
1045 476 1191 556 longeque
1212 497 1229 539 a
1248 486 1346 539 teme-

166 574 253 631 ritate
277 568 472 629 harbarorum
496 577 610 628 remota
634 586 699 627 esse
723 567 877 647 iudicaret,
900 565 1038 626 omnibus
1061 565 1154 626 rebus
1177 569 1347 628 inservien-

168 660 239 720 dum
262 661 379 738 statuit,
403 676 462 735 quo
486 656 613 716 celerius
636 656 738 715 hostes
762 662 931 733 contempta
954 673 1078 716 suorum
1099 658 1249 734 paucitate
1274 675 1348 736 pro·

130 747 268 808 adirent
290 750 321 806 in
345 749 447 806 aciem.
491 745 655 823 Singularis
678 746 757 804 enim
781 745 901 804 virtutis
923 746 1097 804 ueterrimas
1121 744 1253 822 legiones
1274 744 1347 824 vti,

168 835 251 910 Vlll.‚
275 834 362 895 Vllll.
385 833 521 912 habebat,
545 851 676 893 summae
700 834 764 912 spei
787 832 978 911 delectaeque
1001 834 1164 893 iuventutis
1183 832 1242 915 lll,
1267 852 1346 912 quae

168 933 271 985 octavo
299 926 357 983 iam
385 921 532 1002 stipendio
556 931 655 982 tamen
678 924 709 981 in
733 920 887 982 collatione
911 921 1093 999 reliquarum
1116 922 1250 982 nondum
1275 939 1345 982 ean·

128 1014 236 1075 adem
259 1014 415 1073 vetustatis
439 1028 472 1071 ac
497 1012 615 1070 virtutis
634 1017 754 1089 ceperat
772 1011 951 1089 opinionem.
987 1009 1090 1088 ltaque
1111 1010 1235 1070 consilio
1255 1010 1344 1070 advo-

168 1110 233 1162 cato
252 1101 344 1161 rebus
364 1103 409 1179 iis,
433 1117 508 1177 quiae
528 1100 563 1159 ad
583 1117 615 1158 se
635 1106 735 1159 essent
759 1098 881 1179 delatae,
905 1097 1042 1158 omnibus
1066 1100 1208 1176 expositis
1226 1100 1344 1158 animos

168 1189 368 1251 multitudinis
401 1188 564 1248 confirmat.
612 1187 643 1247 Si
674 1187 752 1247 forte
784 1185 887 1247 hostes
915 1187 1006 1246 trium
1036 1184 1185 1264 legionum
1214 1204 1343 1247 numero

50 1331 54 1340 .
167 1287 269 1358 posset
297 1277 405 1337 elicere
434 1275 469 1336 ad
493 1275 706 1355 dimicandum,
733 1276 857 1354 agminis
886 1274 1021 1334 ordinem
1047 1277 1087 1333 ita
1111 1277 1280 1355 constituit,
1309 1283 1344 1335 ut

167 1367 244 1444 legio
268 1364 341 1446 Vll,
364 1364 452 1446 Vlll.‚
476 1363 563 1424 Vllll.
587 1371 655 1424 ante
678 1366 776 1424 omnia
798 1365 878 1422 irent
901 1362 1120 1444 impedimenta,
1148 1361 1255 1423 deinde
1280 1381 1343 1422 om·

169 1452 254 1514 nium
282 1453 561 1532 impedimentorum
590 1470 708 1533 agmen,
736 1451 814 1530 qdod
843 1458 942 1511 tamen
969 1457 1034 1510 erat
1061 1451 1225 1531 mediocre,
1254 1460 1289 1512 ut
1312 1454 1343 1512 in

169 1541 408 1621 expeditionibus
436 1560 501 1601 esse
531 1543 698 1621 consuevit,
726 1548 846 1619 cogeret
869 1539 1038 1619 undecima,
1061 1557 1099 1599 ne
1123 1541 1244 1599 maioris
1268 1540 1343 1601 mul-

168 1630 304 1691 titudinis
329 1633 444 1710 species
463 1629 597 1690 accidere
616 1628 752 1689 hostibus
770 1636 881 1707 posset,
904 1646 992 1706 quam
1010 1629 1068 1706 ipsi
1087 1627 1342 1707 depoposcissent.

129 1731 149 1780 4
167 1720 229 1780 Hac
248 1721 362 1780 ratione
381 1737 475 1798 paene
495 1716 637 1796 quadrato
656 1719 772 1796 agmine
790 1719 937 1777 instructo
952 1719 982 1776 in
998 1723 1192 1794 conspectum
1210 1716 1344 1780 hostium

168 1809 296 1868 celerius
319 1810 457 1886 opinione
482 1824 586 1866 eorum
609 1809 774 1866 exercitum
797 1805 925 1866 adducit.

256 1893 286 1957 9.
311 1895 385 1957 Cum
408 1902 531 1975 repente
555 1896 716 1954 instructas
739 1893 873 1954 velutin
897 1895 958 1953 acie
983 1899 1066 1953 certo
1090 1893 1184 1972 gradu
1207 1892 1343 1972 legiones

167 1984 309 2045 accedere
335 1983 409 2044 Galli
431 1983 579 2063 riderent,
607 1999 741 2060 quorum·
759 1990 843 2042 erant
867 1981 901 2041 ad
926 1981 1083 2042 Caesarem
1105 1980 1193 2060 plena
1215 1981 1343 2043 fiduciae

168 2073 290 2134 consilia
318 2072 446 2153 perlata,
474 2073 535 2130 sive
563 2073 734 2130 certaminis
761 2070 894 2151 periculo
919 2072 979 2130 sive
1004 2069 1103 2131 subito
1126 2070 1256 2131 adventu
1280 2073 1343 2131 sive

168 2163 389 2240 exspectatione
416 2161 512 2220 nostri
541 2158 656 2218 consilii
684 2160 783 2237 copias
811 2161 965 2219 instruunt
987 2176 1042 2237 pro
1066 2161 1172 2220 castris
1194 2177 1252 2219 nec
1275 2158 1343 2220 loco

129 2252 323 2329 ‘asaperiore
347 2248 504 2309 decedunt.
552 2246 667 2326 Caesar,
698 2249 755 2307 etsi
778 2247 920 2307 dimicare
943 2255 1104 2326 optaverat,
1126 2255 1226 2307 tamen
1250 2248 1343 2309 admi·

167 2347 250 2398 ratus
269 2344 379 2398 tantam
398 2335 619 2397 multitudinem
638 2334 769 2396 hostium
787 2335 861 2396 valle
879 2338 1048 2396 intermissa
1071 2337 1165 2414 magis
1187 2338 1218 2396 in
1242 2336 1343 2398 altitu·

203 2541 269 2610 Cap.
289 2546 313 2597 8.
343 2546 366 2594 1.
387 2540 542 2595 omnibus
559 2541 659 2595 rebus
677 2541 728 2594 in·
780 2541 811 2595 in
836 2541 928 2596 einem
954 2540 1072 2609 Quarr63
1099 2540 1189 2596 damit
1213 2540 1280 2596 ma'n
1307 2559 1344 2596 an

166 2612 395 2667 serviendum:
424 2611 552 2666 omnibus
579 2612 662 2666 rebus
689 2612 728 2666 ist
781 2612 857 2667 dieae
879 2612 941 2666 hier
963 2612 1042 2666 nicht
1064 2613 1168 2680 dente,
1192 2611 1231 2666 ist
1252 2629 1344 2682 paene

166 2683 244 2739 Abla
262 2683 313 2737 auf
325 2682 496 2753 jedeWeise
511 2682 598 2737 dahin
615 2685 728 2738 streben
780 2683 972 2753 hinangefh'gt.
999 2685 1058 2738 Aua
1072 2686 1153 2754 jener
1166 2684 1344 2738 Marschord-

166 2773 201 2808 au
214 2760 335 2809 miissen.
346 2783 380 2793 -
390 2753 493 2822 plena
506 2754 726 2822 prudentiae:
781 2772 858 2824 uung
871 2755 977 2810 konnte
996 2755 1121 2826 sogleich
1135 2754 1181 2809 die
1196 2753 1344 2810 Schlacht·

167 2826 255 2895 vergi,
280 2825 334 2878 den
357 2823 420 2877 Ani.
445 2824 494 2878 des
518 2830 543 2878 9.
563 2824 627 2894 Cap.
648 2856 683 2864 -
701 2830 726 2878 2.
781 2826 909 2896 ordnung
923 2826 983 2880 sich
997 2826 1138 2893 formiren,
1152 2825 1241 2879 daber
1254 2826 1343 2881 heisst

166 2895 201 2950 in
220 2895 423 2950 collatione:
443 2911 523 2948 wenn
537 2911 602 2948 man
617 2896 657 2950 sia
676 2897 728 2949 mit
782 2911 811 2950 es
830 2914 852 2952 c.
872 2904 888 2950 9
908 2897 1019 2965 Anfnng
1042 2897 1192 2950 instructas
1215 2896 1343 2951 velutin

166 2966 564 3036 denfibrigenverglicb,oder
575 2965 626 3019 mit
638 2966 729 3021 einem
783 2965 843 3021 acie
862 2997 896 3006 —
914 2967 1048 3038 legiones.

167 3038 264 3093 Woite
293 3035 440 3106 „relativ.“
460 3066 494 3076 “·
513 3041 537 3091 3.
559 3037 593 3090 Si
624 3037 727 3092 forte:
819 3038 920 3107 Capti.
941 3044 963 3094 1.
977 3038 1080 3107 plena
1098 3038 1264 3093 fiduciae:
1284 3039 1344 3108 ple·

166 3110 236 3162 iiber
255 3108 279 3162 si
297 3125 319 3163 s.
335 3113 390 3176 1,8
410 3126 444 3161 zu
463 3107 486 3160 si
505 3137 540 3146 —-
557 3112 679 3176 possent.
694 3139 728 3148 —
782 3126 834 3163 nus
865 3109 943 3164 dieat
970 3109 1012 3163 oft
1043 3127 1091 3164 zur
1117 3107 1344 3178 Umscbreibung

167 3180 257 3232 ut-
282 3177 462 3232 consuevit
485 3177 587 3247 gehdrt
611 3196 646 3232 zu
670 3195 727 3233 me·
782 3180 944 3249 vorniiglich
966 3180 1075 3235 solcber
1093 3179 1255 3250 Adjectiva,
1274 3180 1344 3235 wel-

167 3248 274 3314 diocre}
303 3248 494 3317 expeditiones
513 3247 575 3301 sind
600 3248 644 3302 die
669 3250 727 3302 ein·
783 3250 833 3304 che
869 3267 921 3304 nnr
954 3250 1172 3321 Eigenschaiten
1207 3251 1344 3306 lebender

165 3318 265 3373 aelnen
283 3319 372 3387 Ziige‚
390 3319 497 3372 welche
514 3318 554 3372 im
573 3317 659 3373 Lause
679 3318 727 3372 des
782 3320 884 3374 Wesen
909 3321 1079 3377 bezeichnen
1104 3322 1163 3377 und
1188 3322 1287 3376 darum
1312 3322 1344 3376 iu

167 3389 283 3457 Krieges
318 3405 384 3443 vom
417 3389 645 3457 Standquartiere
678 3405 728 3443 aus
781 3389 831 3442 der
845 3390 933 3460 Regel
946 3393 1024 3446 nicht
1038 3411 1073 3446 zu
1091 3393 1218 3448 lablosen
1232 3392 1344 3463 Gegan-

160 3463 259 3528 'gegen
295 3459 349 3512 den
385 3458 474 3514 Feind
514 3461 728 3514 unteruommen
782 3459 902 3514 standan
915 3463 1023 3529 gesetat
1036 3464 1156 3517 werden.
1179 3463 1275 3533 Vergl.
1292 3469 1343 3518 c.8

167 3530 287 3584 werden.
311 3559 345 3568 —
373 3531 525 3598 cogeret:
554 3531 668 3585 schloss.
694 3562 726 3570 -
783 3529 900 3584 consilia
918 3531 1003 3599 plena
1020 3532 1197 3601 prudentiam
1217 3534 1251 3588 cf.
1268 3551 1291 3589 c.
1308 3541 1343 3590 16

167 3598 340 3655 accidere:
353 3600 516 3666 .aulfallen;
546 3601 595 3656 der
622 3602 727 3657 vellere
782 3601 946 3655 calliditatis
960 3602 1052 3671 plena.
1076 3603 1155 3657 Doch
1172 3602 1209 3656 ist
1222 3623 1255 3658 uu
1270 3622 1344 3660 mer-

166 3672 315 3726 Ausdruck
332 3671 371 3725 iat
388 3671 425 3724 ad
439 3672 533 3725 oculos
547 3672 681 3728 accidere.
693 3703 726 3712 -
781 3672 850 3740 ken,
869 3672 933 3727 dass
952 3689 1019 3728 man
1037 3673 1108 3728 auch
1134 3675 1198 3742 sagt
1219 3676 1344 3744 prudens

167 3743 465 3813 depoposcissent:
484 3741 545 3796 sich
564 3744 728 3815 anheiscbig
782 3743 943 3813 consilium,
962 3744 1074 3814 sapiens
1091 3745 1237 3813 sententia,
1255 3744 1345 3802 fortia

167 3815 299 3884 gemacht
327 3815 437 3883 hatten,
465 3815 518 3868 mit
546 3821 561 3868 3
585 3815 726 3884 Legionen
782 3814 900 3869 consilia
918 3833 945 3869 n.
964 3832 989 3870 a.
1009 3846 1050 3878 -.
1063 3815 1263 3871 certaminis
1284 3835 1343 3887 pe·

167 3887 202 3953 (c.
222 3888 249 3953 7)
269 3886 330 3941 eina
349 3884 482 3939 Schlacht
504 3904 537 3939 nu
560 3884 667 3941 lieiern.
693 3916 727 3924 -
782 3886 906 3940 siculos
943 3887 1031 3941 durch
1068 3887 1113 3941 die
1150 3886 1255 3941 Gafabr
1291 3888 1344 3945 des

166 3962 192 4010 4.
211 3973 318 4024 paene
338 3956 506 4024 quadrato
525 3955 674 4024 agmine:
698 3956 729 4009 in
781 3957 874 4010 nahen
891 3956 1026 4027 Kumpfes
1047 3957 1242 4028 (gescbreckt).
1261 3989 1296 3998 -
1316 3966 1342 4013 2.

168 4026 260 4080 einam
279 4027 368 4097 ane,
389 4027 420 4079 in
436 4027 570 4081 welchem
590 4026 640 4080 das
654 4025 728 4080 Heer
781 4043 842 4081 nec
874 4028 961 4083 loco:
994 4046 1058 4098 nec,
1092 4029 1160 4083 aber
1191 4028 1277 4083 nicht.
1307 4061 1343 4072 -

167 4096 197 4150 in
217 4097 301 4151 Form
325 4097 400 4151 eines
419 4097 604 4165 Rechteckes,
627 4097 658 4150 in
681 4114 727 4167 ge·
782 4096 877 4152 valle
901 4098 1101 4155 intermissa
1125 4125 1159 4145 ==
1184 4100 1343 4169 interiecta,

166 4166 249 4222 rader
276 4168 364 4222 mont
397 4167 559 4236 marschirt,
592 4167 728 4237 „beinahe
783 4184 814 4222 ao
833 4168 897 4222 dass
916 4169 966 4223 das
980 4172 1054 4225 Thai
1071 4171 1118 4226 die
1136 4170 1237 4225 beiden
1250 4172 1344 4228 Heere

167 4239 253 4293 schon
270 4237 300 4292 in
318 4238 423 4292 vollem
436 4237 656 4293 Froutmarsch“.
677 4237 729 4292 Ge·
783 4239 887 4294 schied.
911 4271 945 4280 -
970 4241 1004 4295 in
1032 4241 1258 4297 altitudinem
1286 4243 1345 4299 de-

166 4309 309 4363 wdhnlich
321 4309 379 4363 bez.
390 4324 492 4378 agmen
502 4309 668 4378 quadratum
683 4309 728 4364 die
781 4325 900 4378 pressa
918 4337 952 4356 =
971 4311 1121 4381 profunda:
1140 4313 1193 4367 mit
1210 4312 1345 4370 aiemlioh

166 4376 407 4447 Marachordnuug
434 4378 463 4432 in
486 4381 576 4434 einana
599 4379 728 4448 Viereck,
779 4380 867 4450 jbhen
893 4382 1058 4452 Abhangen.
1099 4383 1173 4451 „Das
1199 4381 1237 4439 ist
1264 4386 1345 4442 einer
