2804 4778
138 204 216 278 noo
555 214 604 268 nn
622 213 743 269 senno
763 213 920 271 cannino

152 381 360 455 defenderent,
393 399 490 460 neque
519 399 584 442 eam
611 398 700 459 quam
726 379 869 459 prodesse
898 378 963 440 aliis
990 380 1049 438 vim
1081 377 1330 456 celeritatemque

152 469 286 530 videraut
313 471 423 531 imitari
449 477 627 549 potuerunt,
655 469 707 529 sed
735 486 767 529 se
797 470 828 528 iu
857 475 954 532 castra
980 469 1116 546 recipere
1142 469 1243 527 conati
1270 469 1327 526 iui-

116 571 131 620 t
152 576 245 637 quum
268 560 298 618 in
321 557 420 618 locum
443 558 635 618 demiserunt.
678 555 888 636 Centuriones,
912 574 1041 635 quorum
1063 555 1198 616 nonnulli
1220 573 1257 615 en
1281 557 1328 615 in·

153 645 313 707 ferioribus
336 646 491 707 ordinibus
513 646 696 724 reliquarum
719 644 868 724 legionum
888 647 1006 706 virtutis
1026 662 1114 705 causa
1135 646 1168 704 in
1191 646 1328 722 superio·

153 753 202 796 res
234 743 320 795 erant
351 736 472 797 ordines
508 735 598 795 buius
629 733 754 812 legionis
786 733 928 814 traducti,
960 752 998 794 ne
1030 743 1099 794 ante
1133 741 1250 812 partam
1280 733 1328 792 rei

118 837 134 885 8
153 823 289 886 militaris
307 823 425 884 laudem
443 825 627 903 amitterent,
646 822 806 884 fortissime
825 830 991 901 pugnantes
1010 821 1214 882 conciderunt.
1251 819 1328 880 Mili-

153 921 310 996 tumpars
333 912 439 972 horum
463 913 573 973 virtute
592 910 737 972 submotis
760 910 903 992 hostibus⁸
919 919 1039 990 praeter
1063 928 1147 988 spem
1169 908 1329 970 incolumis

154 1003 186 1067 in
210 1008 306 1061 castra
329 1001 479 1079 pervenit,
500 1018 570 1077 pars
594 1018 610 1059 a
633 999 767 1060 barbaris
791 1001 992 1060 circumventa
1014 1001 1113 1078 periit.

243 1086 296 1151 41.
319 1087 459 1149 Germani
482 1088 638 1166 desperata
661 1090 878 1167 expugnatione
901 1096 1082 1168 castrorum,
1105 1086 1185 1165 quod
1208 1093 1332 1146 nostros

156 1181 214 1238 iam
233 1178 402 1238 constitisse
425 1178 456 1236 in
480 1177 696 1239 munitionibus
714 1176 866 1257 videbant,
890 1195 959 1237 cum
982 1195 1016 1237 ea
1038 1175 1161 1256 praeda,
1184 1192 1275 1253 quam
1296 1176 1330 1233 in

122 1280 137 1327 2
157 1267 238 1328 silvis
261 1264 474 1347 deposuerant,
496 1273 578 1328 trans
601 1266 739 1329 Rhenum
762 1283 828 1326 sese
851 1273 1039 1344 receperunt.
1084 1264 1126 1324 Ac
1149 1270 1250 1324 tantus
1273 1262 1332 1322 tuit

157 1355 245 1415 etiam
268 1361 337 1432 post
359 1353 524 1417 discessum
547 1354 677 1415 hostium
700 1362 812 1434 terror,
835 1361 870 1414 ut
892 1373 926 1415 ea
950 1362 1052 1433 nocte,
1066 1370 1143 1413 cum
1165 1350 1256 1412 Gaius
1274 1349 1331 1410 Vo-

157 1442 280 1503 lusenus
303 1443 412 1502 missus
435 1461 504 1507 cum
527 1445 662 1521 equitatu
685 1443 721 1504 ad
744 1451 842 1503 castra
865 1445 1007 1522 venisset,
1030 1441 1197 1502 fidemnon
1219 1440 1334 1499 iaceret

123 1549 139 1597 3
157 1530 260 1591 adesse
284 1549 353 1590 cum
375 1530 518 1591 incolumi
536 1530 694 1593 Caesarem
716 1533 859 1592 exercitu.
897 1531 947 1592 Sic
965 1532 1086 1590 omnino
1105 1531 1220 1589 animus
1242 1529 1334 1588 timor

158 1628 439 1699 praeoccupaverat,
471 1629 505 1679 ut
533 1638 627 1698 paene
657 1619 781 1681 alienata
811 1627 911 1680 niente
941 1619 1046 1681 deletis
1077 1617 1214 1678 omnibns
1238 1617 1338 1694 copiis

160 1709 323 1786 equitatum
347 1725 379 1767 se
404 1726 440 1768 ex
467 1708 536 1786 luga
565 1711 715 1788 recepisse
738 1707 873 1769 dicerent
902 1726 999 1786 neque
1027 1706 1170 1767 ineolumi
1199 1706 1335 1765 exercitu

160 1796 323 1856 Germanos
351 1804 447 1857 castra
474 1805 698 1875 oppugnaturos
729 1798 823 1858 luisse
853 1796 1078 1857 contenderent.
1124 1794 1220 1866 Quem
1248 1795 1335 1854 tirno-

160 1903 225 1947 rcm
248 1883 383 1944 Caesaris
407 1883 550 1947 adventus
574 1886 702 1946 sustulit

249 1969 300 2034 42.
341 1971 491 2035 Reversus
527 1973 576 2035 ille
604 1984 728 2035 eventus
755 1971 825 2033 belli
852 1992 911 2033 non
941 1975 1082 2051 ignorans
1117 1987 1224 2050 unum,
1256 1968 1341 2048 quod

162 2061 301 2122 cohortes
329 2080 365 2123 ex
396 2063 523 2123 statione
552 2071 582 2123 et
607 2063 756 2142 praesidio
788 2070 888 2122 essent
915 2063 1054 2140 emissae,
1083 2068 1208 2138 questus
1230 2091 1274 2101 —
1297 2076 1342 2118 ue

162 2152 284 2212 minimo
308 2150 427 2229 quidem
447 2168 517 2213 casu
541 2150 640 2212 locum
663 2150 791 2230 relinqui
815 2149 1015 2211 debuisse-
1036 2147 1162 2209 multum
1185 2148 1343 2208 fortunam

128 2242 195 2303 nin
231 2240 388 2318 repentino
424 2239 555 2300 hostium
592 2239 719 2300 adventu
755 2240 890 2318 potuisse
926 2238 1080 2318 iudicavit,
1116 2233 1209 2297 multo
1247 2238 1342 2296 etiam
1381 2301 1384 2307 .

164 2326 303 2405 amplius,
331 2325 410 2404 quod
438 2344 532 2405 paene
561 2326 597 2387 ab
630 2330 695 2406 ipso
719 2327 793 2389 vallo
821 2329 976 2407 portisque
1000 2335 1167 2386 saeuorum
1195 2323 1345 2385 barbaros

130 2433 145 2480 3
168 2417 332 2475 avertisset.
370 2413 503 2485 Quarum
522 2417 654 2477 omnium
676 2434 778 2479 rerum
802 2417 928 2477 maxime
951 2413 1156 2475 admirandum
1174 2411 1345 2494 videbatur,

165 2600 280 2657 ablativ.
295 2632 329 2639 —
345 2580 416 2655 edm
434 2618 533 2670 quam
552 2634 585 2642 —
604 2605 725 2673 potue·
779 2605 827 2656 ben
850 2602 978 2657 uudetc.
999 2599 1222 2655 -incolumi
1246 2616 1344 2655 exer·

164 2675 244 2727 runt
265 2672 326 2727 iibs.
345 2672 419 2728 nach
436 2672 644 2744 aufgehobener
662 2675 727 2729 Um·
780 2673 853 2728 citu
870 2672 1041 2727 ist'bblativ
1060 2672 1179 2726 absolut

165 2743 350 2812 stelluug.-
374 2760 408 2799 se
436 2773 469 2785 -
501 2745 726 2800 demiserunt:
816 2743 945 2813 (lapda.
980 2749 1002 2798 1.
1028 2741 1347 2810 eventus-iguo·

167 2831 196 2869 se
214 2814 317 2885 gehdrt
335 2815 408 2868 auch
433 2833 467 2869 nu
491 2815 671 2873 demiserunt
692 2847 724 2856 -·
781 2831 872 2869 rens:
899 2814 953 2868 mn
977 2814 1031 2868 den
1055 2811 1277 2868 Wechselffillen
1303 2813 1344 2867 im

167 2893 192 2941 7.
210 2884 367 2940 virtutis:
388 2904 409 2940 s.
430 2892 453 2954 1,
473 2892 489 2940 2
508 2905 542 2941 zu
561 2887 729 2945 civitati-
781 2885 884 2955 Kriege
911 2884 987 2939 wohl
1009 2883 1143 2939 bekannt.
1168 2914 1202 2923 —
1227 2900 1347 2938 uuum:

166 2955 335 3012 traducti:
355 2956 521 3012 beldrdert.
554 2987 588 2998 -
621 2975 662 3014 ne
693 2987 728 2998 -
782 2954 1193 3026 s.1,9auuna.-quod:
1216 2953 1345 3008 numliclr

167 3027 385 3083 amitterent:
404 3027 522 3083 beachte
540 3028 585 3083 die
600 3029 730 3097 Stellung
782 3028 862 3094 dass3
885 3026 972 3096 vergi,
992 3032 1023 3094 1,
1042 3031 1058 3080 ὁ
1077 3043 1113 3079 zu
1130 3027 1162 3078 ut
1180 3055 1214 3064 -—
1233 3027 1345 3082 exeant

167 3099 258 3155 dieses
274 3097 377 3153 Selzes.
396 3098 496 3168 Vgl.1‚
512 3104 654 3168 13,2u.6‚
668 3105 729 3167 3,4.
784 3129 817 3138 -
846 3115 884 3152 ex
912 3096 1066 3151 statione
1093 3098 1127 3150 ei
1153 3095 1349 3166 praesidio:

204 3169 271 3236 Gap.
283 3174 326 3224 41.
353 3175 377 3224 1.
392 3169 427 3223 in
445 3169 545 3225 silvis
564 3170 730 3238 deposue-
784 3169 871 3224 statio
883 3169 934 3222 der
947 3167 1126 3222 envertraute
1135 3167 1246 3235 Posien‚
1265 3183 1347 3235 prae·

170 3241 259 3294 rent:
285 3257 318 3292 zu
341 3239 462 3294 welcher
484 3239 573 3308 Regel
598 3241 644 3296 ein
669 3240 730 3295 Bei·
785 3239 888 3294 sidium
902 3237 1021 3308 derOrt,
1040 3237 1090 3292 der
1104 3255 1139 3292 zu
1158 3236 1265 3291 deeken
1277 3253 1345 3291 war.

171 3308 308 3378 spielr-
329 3312 527 3365 decausis
546 3341 579 3351 -
598 3310 732 3365 faceret
785 3341 818 3351 —
847 3312 990 3377 questus
1015 3308 1091 3362 steht
1115 3309 1268 3433 prugpaut,
1296 3307 1350 3361 der

170 3380 230 3435 iilos.
244 3379 318 3433 uach
332 3385 356 3444 1,
376 3385 418 3446 17,
433 3386 450 3433 4
464 3398 498 3435 zu
516 3380 584 3448 quin
599 3380 731 3448 Romani;
785 3381 883 3435 nweite
901 3379 931 3433 in
948 3380 1008 3434 ihm
1026 3378 1156 3448 liegende
1194 3377 1279 3448 egriff
1292 3377 1349 3433 iet:

171 3468 205 3504 zu
226 3448 310 3503 fidem
330 3447 480 3517 (Glnuben,
503 3450 669 3520 Verirauen)
692 3451 732 3506 ia·
785 3451 881 3505 iudom
907 3468 937 3505 er
961 3452 1042 3519 sagte
1067 3468 1093 3504 u.
1113 3468 1133 3506 s.
1153 3467 1186 3503 w.
1208 3479 1239 3487 -
1267 3464 1348 3502 casu

172 3522 248 3575 ceret
266 3523 384 3588 eugenue
400 3520 453 3574 das
469 3520 581 3591 Objeoi3
599 3522 629 3577 iu
648 3523 732 3579 aude·
787 3548 821 3568 =
840 3521 925 3578 casui.
945 3552 979 3561 —
997 3521 1111 3575 locum
1133 3518 1300 3587 relinqui:
1313 3533 1347 3573 a.

172 3607 231 3645 rem
251 3587 336 3644 Siune
354 3591 396 3645 als
415 3590 476 3646 hier
493 3593 569 3649 steht
587 3593 632 3648 die
648 3594 733 3650 Weu·
787 3591 1071 3662 qaszuneevirtuti
1085 3594 1137 3647 etc.
1153 3621 1186 3630 -
1202 3597 1228 3644 2.
1239 3589 1350 3644 mulio

173 3661 252 3730 dung
269 3667 295 3728 4,
316 3667 361 3727 113
380 3662 472 3717 temer
489 3663 566 3719 steht
583 3664 624 3719 sie
641 3670 668 3734 ὁ,
689 3670 733 3721 41.
787 3663 892 3720 etiam
916 3662 1077 3732 amplius:
1103 3661 1133 3716 in
1159 3661 1249 3716 cinam
1275 3660 1349 3715 noch

79 3738 85 3749 ’
174 3761 208 3773 -
242 3748 313 3786 cum
350 3732 518 3788 incolumi
555 3734 734 3791 Caesarem
787 3735 845 3790 viel
874 3735 997 3789 hdheren
1022 3733 1120 3788 Massa.
1166 3731 1192 3787 S.
1219 3747 1242 3784 o.
1269 3736 1285 3784 9
1316 3749 1351 3785 nu

174 3802 342 3859 exercitu:
372 3804 460 3860 durch
486 3805 562 3861 diese
586 3806 734 3862 Wortstel·
788 3805 970 3874 amplius-
998 3803 1199 3859 avertisset:
1225 3801 1350 3856 numlich

174 3875 244 3943 luug
253 3874 363 3929 werden
375 3874 576 3931 incolumium
588 3877 734 3933 Caesarem
788 3877 907 3932 fortuna.
919 3906 952 3914 -
963 3881 988 3930 3.
1007 3872 1257 3929 admirandum:
1275 3872 1350 3926 nach

176 3945 414 4025 hervorgehoben.
434 3977 467 3987 -
487 3954 512 4002 3.
531 3957 640 4016 paene
659 3948 736 4003 steht
789 3962 1086 4016 vorausgegeugenem
1095 3960 1214 4013 quarum
1223 3943 1352 3999 omnium

176 4031 230 4070 rue
249 4015 296 4070 bei
309 4014 413 4084 Cicero,
433 4034 464 4089 so
482 4019 555 4072 auch
574 4019 619 4073 bei
633 4017 736 4073 Caesar
789 4034 883 4073 rerum
896 4017 935 4072 ist
947 4015 1144 4071 admirandum
1157 4015 1218 4071 eine
1227 4015 1281 4068 Art
1293 4029 1351 4069 rou

177 4085 353 4155 gewdhnlich
379 4105 441 4142 ven
466 4089 531 4143 dem
553 4087 664 4157 Worte,
689 4089 740 4143 auf
791 4086 967 4143 Constructio
991 4083 1064 4142 κατὰ
1087 4081 1200 4141 σύνεσιν
1223 4085 1291 4141 oder
1314 4084 1353 4138 ad

178 4157 227 4210 das
246 4172 275 4238 es
293 4157 353 4212 sich
367 4159 485 4214 berieht.
512 4159 647 4230 Dagegen
661 4159 738 4214 steht
790 4159 980 4226 intellectum,
999 4159 1072 4214 deun
1090 4173 1209 4227 quarum
1226 4155 1353 4211 omnium

178 4244 207 4282 es
230 4226 278 4282 ber
300 4226 407 4282 Hirtius
425 4236 460 4295 ’6,
484 4236 520 4285 to
537 4232 624 4297 nach;
650 4249 670 4285 s.
694 4232 736 4286 to·
791 4246 884 4285 rerum
907 4228 944 4284 isi
962 4253 998 4275 π
1016 4245 1135 4297 quorum
1156 4227 1289 4282 omnium.
1317 4257 1352 4267 -

178 4300 238 4350 tum
251 4314 345 4365 paene
370 4302 503 4354 montem.
528 4331 560 4342 -
582 4302 739 4357 alienata
792 4300 991 4356 videbatur:
1015 4317 1063 4354 zur
1085 4298 1198 4354 Uebers.
1217 4313 1239 4352 s.
1258 4303 1289 4364 ὁ,
1309 4303 1355 4366 33,

161 4367 294 4422 mente:
309 4368 365 4424 den
385 4369 524 4428 Versiaud
539 4373 741 4429 verlorenlutt·
794 4379 812 4426 1
830 4390 866 4426 uu
880 4369 1051 4426 uiderentur.
