2804 4778
479 223 545 278 LlB.
564 223 585 279 1.
615 223 691 279 GAP.
712 229 825 280 44—47.
1194 224 1238 291 45

63 393 235 471 imperium3
259 392 285 450 si
307 388 450 450 iudicium
474 398 596 450 senatus
619 388 771 451 observari
796 399 957 470 oporteret,
980 389 1104 450 liberam
1128 390 1238 457 debere

63 497 129 540 esse
154 478 284 557 Galliam,
307 495 397 557 quam
419 475 496 538 bello
520 479 627 539 victam
651 479 713 538 suis
736 478 851 557 legibus
875 480 919 539 uti
942 479 1092 540 voluisset.

151 564 206 628 46.
228 566 305 627 Dum
328 565 401 626 hacc
424 568 456 626 in
479 565 626 645 colloquio
654 561 816 647 geruntur,
844 565 962 627 Caesari
992 569 1159 628 nuntiatum
1183 575 1238 648 est,

64 658 181 735 equites
204 656 344 715 Ariovisti
366 657 490 734 propius
513 654 661 715 tumulum
689 654 831 714 accedere
861 654 949 715 etad
976 663 1094 715 nostros
1117 654 1237 734 adequi-

63 753 136 825 tare,
159 743 271 822 lapides
300 743 417 821 telaque
446 745 476 803 in
504 751 624 803 nostros
652 745 798 803 conicere.
845 742 953 803 Caesar
980 742 1121 821 loquendi
1148 743 1274 804 linema

63 835 133 893 lacit
160 850 253 911 seque
281 830 316 891 ad
346 848 417 891 suos
445 833 560 910 recepit
591 833 713 909 suisque
742 833 911 911 imperavit,
940 849 978 890 ne
1011 831 1090 909 quod
1118 834 1238 892 omnino

64 920 155 981 telum
184 922 214 980 in
242 919 344 980 hostes
372 921 528 980 reicerent.
574 918 649 979 Nam
679 921 735 980 etsi
769 922 832 979 sine
861 919 920 980 ullo
951 919 1085 998 periculo
1113 919 1273 998 legionise

64 1009 195 1069 delectae
220 1026 289 1069 cum
313 1009 446 1086 equitatu
468 1007 616 1087 proelium
639 1008 703 1067 lore
723 1006 848 1088 videbat,
871 1016 969 1067 tamen
994 1006 1239 1068 committendum

64 1115 124 1157 non
146 1095 278 1177 putabat,
301 1103 335 1156 ut
358 1095 451 1174 pulsis
475 1095 611 1157 hostibus
634 1094 693 1156 dici
716 1104 818 1175 posset
841 1114 893 1156 eos
916 1094 1003 1156 absc
1026 1114 1081 1174 per
1100 1097 1187 1156 tidem
1207 1098 1239 1155 in

63 1185 210 1264 colloquio
234 1187 461 1246 circumventos.
501 1184 698 1263 Posteaquam
717 1187 752 1244 in
775 1184 878 1263 volgus
902 1183 1028 1244 militum
1053 1183 1161 1244 elatum
1184 1193 1238 1264 est,
1257 1198 1274 1246 4

63 1291 121 1352 qua
145 1274 311 1352 arrogantia
338 1274 369 1332 in
398 1273 544 1351 colloquio
572 1272 737 1333 Ariovistus
767 1290 840 1333 usus
869 1273 950 1332 omni
977 1270 1069 1332 Gallia
1098 1271 1238 1331 Romanis

63 1360 279 1441 interdixisset,
307 1363 511 1439 impetumque
539 1363 570 1420 in
594 1368 713 1421 nostros
738 1363 801 1421 eius
825 1362 942 1439 equites
965 1361 1120 1438 iecissent,
1145 1378 1237 1437 eaque

63 1468 113 1510 res
142 1449 323 1528 colloquium
355 1456 388 1509 ut
418 1449 600 1528 diremisset,
629 1449 723 1510 multo
757 1448 851 1528 major
881 1449 1016 1509 alacritas
1047 1449 1238 1526 studiumque

64 1537 215 1618 pugnandi
239 1539 334 1598 maius
357 1539 502 1598 exercitui
525 1539 667 1598 iniectum
692 1546 746 1598 cst.

152 1624 205 1687 47.
228 1625 322 1686 Biduo
350 1634 419 1704 post
441 1627 606 1686 Ariovistus
635 1625 670 1685 ad
694 1624 851 1686 Caesarem
878 1625 990 1705 legatos
1021 1627 1124 1686 mittit:
1157 1623 1238 1685 Velle

64 1734 96 1775 se
115 1715 152 1775 de
176 1714 222 1775 his
240 1714 346 1801 rebus,
360 1732 435 1793 quae
458 1716 607 1774 intereos
627 1717 673 1792 agi
696 1725 818 1793 coeptae
837 1731 936 1792 neque
959 1714 1109 1792 perlectae
1130 1720 1239 1791 essent,

64 1821 151 1882 agere
176 1821 245 1863 cum
268 1820 317 1883 e03
346 1804 390 1862 uti
413 1811 464 1863 aut
486 1804 596 1863 iterum
620 1802 766 1881 colloquio
795 1800 873 1862 diem
902 1803 1098 1862 constitueret
1121 1809 1185 1881 aut,
1213 1803 1239 1861 si

64 1892 95 1951 id
117 1894 216 1952 minus
234 1890 330 1970 vellet,
354 1908 370 1949 e
390 1893 452 1950 suis
475 1890 579 1969 legatis
603 1890 731 1968 aliquem
750 1890 786 1949 ad
811 1908 843 1949 se
863 1892 1003 1950 mitteret.
1046 1888 1274 1967 Colloquendia

64 2115 150 2185 siegb;
168 2114 298 2168 indessen
311 2112 443 2167 machion
457 2110 532 2164 diese
546 2111 625 2164 nicht

63 2203 135 2256 ganz
149 2184 261 2239 Gallien
274 2200 333 2238 aus.
352 2212 388 2222 —
406 2197 505 2250 quam
520 2211 553 2220 -
572 2197 624 2236 vo-

63 2256 191 2310 luisset
208 2255 246 2308 ist
261 2253 356 2308 cansal
369 2271 404 2306 zu
421 2251 525 2306 fasaen:
544 2251 581 2305 da
595 2267 625 2306 er

64 2326 181 2396 gewollt
198 2324 283 2391 habe,
303 2324 367 2377 dass
387 2339 424 2377 es.
444 2353 477 2362 —
497 2322 624 2376 rictam

64 2399 116 2450 hab
134 2394 313 2450 concessivam
332 2392 407 2447 Sinn.

100 2466 167 2534 Cap.
183 2472 227 2522 46.
240 2472 270 2538 ,1.
290 2465 372 2518 Dum
392 2495 425 2503 —
444 2466 624 2534 geruntur:

65 2539 112 2592 ein
131 2537 265 2592 Zeibsaba:
290 2554 339 2590 zur
356 2535 470 2590 Uebers.
493 2551 543 2589 ver
562 2534 582 2589 l.
601 2550 625 2588 o.

64 2616 99 2665 26
118 2627 153 2662 zu
171 2607 220 2662 diu
234 2639 266 2647 -
282 2608 364 2661 esset.
392 2605 453 2675 geri
471 2606 531 2660 also
572 2603 624 2659 'ert

64 2679 197 2734 wahrend
229 2677 320 2733 dieser
347 2676 453 2748 mimdl.
481 2675 625 2730 Verband·

64 2751 145 2819 lnng3
161 2750 333 2803 anderwiirbs
347 2748 435 2802 durch
453 2745 625 2814 ,‚Voriialle“‚

65 2841 88 2875 z.
108 2821 138 2874 B.
158 2826 183 2885 5,
207 2826 240 2873 22
265 2820 332 2874 dum
356 2818 427 2872 haec
445 2817 475 2871 in
493 2817 537 2871 his
555 2816 625 2871 locis

65 2892 212 2962 gerontam
233 2897 257 2957 7,
278 2895 311 2943 ‘lb
331 2889 398 2942 dum
416 2888 486 2969 haec
505 2886 542 2940 ad
560 2887 625 2941 Ale'-

64 2963 294 3098 tttsstttttt
308 2960 631 3110 attribuitis

65 3103 188 3172 propius.
225 3101 320 3170 Vergl.
341 3117 363 3155 o.
383 3105 418 3153 54
437 3117 486 3167 qm
503 3115 626 3167 proximr

65 3174 194 3228 Rhenum
213 3168 355 3236 inedlunb3
378 3176 438 3240 3‚7
462 3169 493 3223 P.
513 3168 626 3224 Crassus

68 3277 100 3285 —
132 3243 274 3313 proximus
306 3259 384 3297 mare
417 3239 560 3294 Oceanum
592 3269 625 3280 -α

65 3314 211 3370 hiemarab.
240 3343 274 3354 -
302 3313 438 3382 Dagegen
465 3318 494 3380 3,
521 3317 569 3365 11:
597 3310 628 3364 in

66 3387 209 3453 Treveros,
216 3383 265 3453 qui
278 3384 399 3452 proximi
412 3382 520 3436 flumini
529 3382 626 3436 Rheno

67 3460 143 3522 sunb;
164 3462 189 3519 2,
205 3462 237 3509 12
252 3455 282 3508 in
295 3456 363 3508 fines
378 3453 563 3519 Suessionum,
578 3452 629 3520 qni

66 3527 186 3596 proximi
216 3525 311 3580 Remis
343 3528 436 3589 erant,
475 3524 627 3578 exercitum

68 3598 154 3651 duxit.
187 3595 281 3665 Vergl.
301 3596 462 3649 anaserdem
480 3595 529 3648 das
549 3599 574 3663 5,
593 3599 627 3647 37

67 3667 132 3721 Ans.
157 3684 191 3719 zu
219 3666 333 3734 propius
358 3664 552 3733 Ambiorigem
576 3664 628 3717 Be·

68 3737 184 3792 merkte.
201 3767 233 3776 -
253 3741 278 3790 2.
298 3735 385 3790 iacit
404 3750 508 3802 seque
528 3764 562 3773 -
581 3750 629 3787 re·

69 3809 176 3876 capite
195 3806 314 3861 beaohte
329 3806 383 3860 den
396 3805 513 3859 raschen
528 3803 627 3858 Wech·

69 3880 110 3934 sel
134 3879 184 3933 der
208 3879 359 3947 Tempora,
384 3877 438 3930 den
461 3876 629 3944 Uebergang

69 3967 133 4004 vom
157 3950 318 4003 Priscum
342 3947 464 4015 Perfecb3
490 3946 539 4000 das
562 3945 629 4000 Pria

69 4038 131 4075 sens
153 4020 207 4075 soll
225 4019 275 4073 das
293 4018 444 4088 pldbaliche
462 4016 629 4072 hbbrechen

69 4093 118 4145 der
140 4090 341 4160 Verhandlung
362 4088 539 4144 bezeichnen.
579 4086 627 4143 So·

70 4162 145 4216 daun
170 4160 288 4216 beaohbe
317 4160 362 4215 die
390 4158 627 4214 nachdrticlrliche

70 4250 96 4288 u.
113 4231 298 4287 absiehtliehe
312 4229 534 4298 Wiederholung
552 4230 628 4284 eines

70 4302 128 4356 und
146 4302 293 4358 desselben
312 4301 436 4370 Worbes:
455 4300 492 4354 ad
509 4302 627 4368 nostros,

70 4373 100 4426 in
119 4375 240 4441 nostros,
263 4373 321 4426 und
345 4371 382 4426 ad
401 4387 464 4425 suos
482 4371 540 4425 und
559 4369 628 4424 suis·

678 2128 741 2180 que.
768 2142 801 2149 -
835 2117 859 2166 3.
888 2111 1045 2180 periculo
1073 2110 1239 2181 legionis:

679 2199 701 2238 ι.
725 2199 747 2236 c.
772 2188 788 2235 2
813 2200 848 2236 zu
869 2181 963 2252 regni3
991 2181 1112 2253 legionis
1140 2182 1241 2252 gehdrb

679 2253 746 2306 aber
769 2253 840 2306 auch
865 2270 899 2305 zu
922 2252 1070 2323 proelium.
1094 2281 1127 2292 -
1152 2269 1240 2307 oom-

678 2323 898 2391 mibtendum,
916 2324 954 2377 ub
972 2323 1010 2378 isb
1029 2340 1051 2379 c.
1074 2329 1105 2377 13
1126 2324 1239 2378 erklbrb

680 2425 712 2434 -
728 2393 839 2463 pulsis
854 2394 943 2448 iibere.
958 2394 1031 2448 nach
1046 2400 1140 2448 c.3zu
1153 2411 1239 2464 regno

671 2480 774 2535 occup.
790 2481 812 2520 c.
827 2483 853 2520 n.
871 2465 896 2519 d.
917 2495 950 2505 -
970 2480 1027 2518 eos
1048 2495 1080 2503 —
1101 2465 1241 2519 circum·

678 2538 802 2590 ventos
829 2536 920 2590 iibere.
948 2536 1021 2591 nach
1049 2551 1072 2589 c.
1102 2542 1116 2589 t
1146 2554 1181 2590 au
1208 2536 1239 2589 L.

680 2605 814 2660 cassium.
835 2637 868 2646 -
888 2622 948 2675 per
965 2604 1085 2660 fidem:
1111 2607 1176 2660 weil
1200 2607 1240 2660 sie

679 2677 743 2731 dem
771 2676 934 2746 gegebenen
956 2676 1040 2730 Worb
1066 2678 1186 2744 gebrant.
1207 2708 1239 2716 -

680 2753 704 2800 4.
734 2764 799 2815 qua
826 2745 1031 2814 arrogantia
1060 2747 1152 2801 obers.
1181 2749 1241 2800 enb-

679 2817 772 2872 weder
796 2816 937 2871 wortlich'
952 2815 1019 2871 oder
1045 2815 1123 2870 aiche
1149 2833 1240 2887 arrog.

680 2889 722 2942 als
737 2887 814 2957 Subj.
824 2905 888 2941 zum
902 2887 1151 2956 vorhergehenden
1165 2888 1239 2943 Saba.

680 2990 713 2999 -
736 2975 828 3012 usus:
853 2976 873 3012 s.
899 2973 921 3012 o.
946 2963 962 3011 3
986 2975 1020 3010 zu
1041 2957 1181 3013 inductus.
1207 2989 1240 3000 -

679 3028 942 3083 interdixisset:
973 3027 1096 3097 Baispiel
1123 3029 1168 3082 fiir
1195 3029 1241 3083 die

681 3099 788 3155 Constr,
805 3116 863 3154 von
880 3098 1056 3153 interdicere.
1075 3130 1111 3140 -
1133 3099 1241 3169 impe-

680 3173 836 3238 tumque:
852 3170 925 3224 anch
939 3169 1031 3224 dieser
1040 3168 1105 3224 Sata
1114 3188 1170 3225 von
1185 3187 1242 3239 qna

680 3241 843 3310 arrogantia
865 3240 1018 3311 abhbngig.
1059 3241 1185 3310 Ergbnze
1208 3260 1242 3296 au

681 3311 786 3366 milites
814 3328 864 3366 aus
897 3312 962 3365 dem
993 3312 1242 3381 vorhergehenden

682 3383 764 3436 Sabae
787 3382 837 3436 usi.
864 3412 897 3422 -
922 3399 960 3437 ea
981 3399 1047 3437 res:
1078 3401 1099 3438 s.
1124 3399 1147 3437 c.
1167 3391 1183 3438 3
1207 3402 1242 3437 zu

681 3451 732 3507 His
750 3453 841 3507 rebus.

717 3523 784 3593 Cap.
804 3529 846 3577 47.
867 3530 890 3578 1.
910 3522 1035 3577 mittit:
1053 3523 1167 3578 Velle:
1186 3541 1242 3580 wo-

682 3594 733 3649 her
750 3595 799 3648 der
817 3596 882 3648 Ace.
903 3610 926 3648 c.
945 3593 1010 3660 int,
1034 3594 1071 3648 ist
1093 3595 1181 3649 leichb
1208 3613 1243 3649 zu

683 3665 820 3719 erlxlitren.
840 3695 871 3704 —
896 3663 990 3719 inber
1013 3681 1082 3718 eos:
1108 3665 1176 3720 tiber
1195 3681 1240 3720 eos

683 3753 705 3789 ι.
729 3752 751 3791 c.
776 3740 791 3790 5
816 3753 850 3789 zu
876 3746 938 3789 cnm
964 3735 999 3790 iis
1022 3735 1241 3804 proficiscantur.

682 3837 715 3845 —
754 3805 810 3874 agi
846 3808 1003 3874 coeptae:
1044 3805 1167 3874 Baispiel
1197 3806 1243 3860 fiir

682 3878 798 3946 coeptus
815 3876 869 3930 mit
887 3876 951 3931 dem
969 3875 1020 3929 Inf.
1035 3876 1110 3929 Paos.
1132 3906 1164 3914 -
1184 3892 1242 3932 ne·

682 3964 746 4016 qne
768 3947 962 4015 perlectae:
986 3961 1075 4012 neque
1095 3970 1129 3990 =
1151 3963 1242 4016 neque

681 4034 747 4072 vero
767 4019 835 4071 oder
852 4033 943 4085 neque
961 4017 1070 4078 tamen„
1081 4046 1114 4055 -
1134 4033 1149 4070 e
1169 4016 1243 4072 suis

681 4085 1244 4157 legatisaliquem:richbigerscheinb

682 4157 727 4213 die
750 4159 986 4228 rorgesohlagene
1012 4156 1122 4211 Lesart:
1147 4175 1162 4212 e
1186 4159 1243 4213 suis

681 4229 808 4298 legatum
822 4228 946 4297 aliquem
961 4226 1061 4294 „einen
1075 4227 1165 4282 seiner
1175 4230 1243 4283 Ver·

681 4301 793 4353 branton
819 4299 860 4352 als
884 4298 1183 4370 Borollmbehbigten‘b
1208 4331 1243 4340 -

682 4369 716 4423 id
740 4369 852 4424 minus
873 4369 1004 4425 setteis
1029 4369 1109 4422 hano
1125 4371 1261 4432 usurum
