2804 4778
168 220 236 287 284
573 220 622 276 DE
640 220 761 276 BELLO
782 219 940 276 GALLICO

167 397 237 451 toto¹
255 389 364 469 oppido
387 389 568 449 munitiones
591 387 776 447 circumdare
799 393 946 466 moratur,
969 404 1007 447 ne
1031 394 1082 447 aut
1105 404 1181 465 opus
1205 388 1352 450 ellectum

169 481 249 540 tueri
278 496 338 539 non
367 479 463 557 possit
490 484 541 536 aut
570 475 706 555 plurimis
733 477 765 535 in
792 475 866 535 locis
889 475 1005 535 infirma
1029 475 1166 554 disponat
1187 478 1351 554 praesidia.

259 563 311 628 35.
348 566 452 645 Magna
481 567 565 644 copia
592 565 735 625 frumenti
762 571 931 643 comparata
962 562 1122 624 considunt
1149 562 1284 644 Drappes
1319 566 1359 627 et'

171 654 331 715 Lucterius
349 671 410 714 non
428 653 546 733 longius
564 652 601 713 ab
620 652 728 732 oppido
747 652 773 712 X
792 651 924 734 milibus,
948 652 1026 712 unde
1049 652 1191 731 paulatim
1213 654 1351 716 frumen·

134 757 150 805 2
170 753 234 806 tum
256 745 288 803 in
311 742 452 822 oppidum
472 749 692 822 supportarent.
729 740 789 821 lpsi
811 743 890 802 inter
916 759 948 802 se
968 743 1137 820 provincias
1159 744 1352 821 partiuntur:

170 831 303 912 Drappes
330 832 436 892 castris
463 830 610 910 praesidio
639 846 708 891 cum
735 838 819 909 parte
850 832 1002 909 copiarum
1032 832 1157 911 restitit,
1186 829 1351 895 Lucterius

134 935 275 999 tegmen
309 923 511 981 iumentorum
544 918 580 978 ad
604 918 754 998 oppidum
787 918 878 979 ducit.
929 918 1086 998 Dispositis
1116 918 1158 979 ibi
1189 921 1351 998 praesidiis

169 1009 243 1070 hora
266 1011 363 1069 noctis
386 1009 508 1069 circiter
530 1006 564 1068 X.
589 1006 775 1068 silvestribus
804 1009 997 1086 angustisque
1026 1006 1187 1068 itineribus
1214 1009 1350 1070 frumen·

134 1106 235 1160 atum
266 1100 428 1177 importare
460 1099 491 1156 in
522 1096 664 1175 oppidum
696 1097 833 1158 instituit.
885 1094 1019 1166 Quorum
1052 1098 1210 1175 strepitum
1242 1098 1350 1176 vigiles

171 1194 337 1246 castrorum
360 1203 429 1247 eum
453 1187 630 1265 sensissent,
654 1184 915 1264 exploratoresque
938 1185 1036 1266 missi,
1059 1200 1135 1263 quae
1158 1196 1351 1269 gererentur,

170 1276 407 1355 renuntiassent,
431 1273 571 1335 Caninius
595 1274 734 1334 celeriter
756 1290 824 1334 cum
848 1272 1021 1334 cohortibus
1044 1275 1164 1334 armatis
1188 1292 1223 1334 er
1247 1278 1349 1354 proxi·

136 1378 152 1426 5
172 1365 229 1422 mis
252 1362 382 1423 castellis
404 1365 436 1422 in
459 1362 671 1423 frumentarios
694 1360 750 1421 sub
778 1363 873 1440 ipsam
900 1361 998 1422 lucem
1025 1364 1169 1441 impetum
1198 1363 1277 1424 fecit.
1324 1364 1349 1424 li

171 1453 329 1530 repentino
352 1451 429 1512 malo
456 1453 610 1530 perterriti
639 1450 798 1529 diffugiunt
825 1450 861 1511 ad
885 1468 937 1510 sua
966 1450 1127 1531 praesidia,
1151 1468 1226 1530 quae
1251 1454 1348 1513 nostri

171 1545 206 1600 ut
228 1539 379 1622 viderunt,
402 1541 501 1600 acrius
525 1546 628 1599 contra
651 1547 779 1600 armatos
802 1540 919 1599 incitati
937 1541 1086 1601 neminem
1105 1557 1141 1599 en
1159 1558 1195 1599 eo
1219 1559 1348 1602 numero

171 1629 270 1688 vivum
294 1631 359 1708 capi
381 1630 544 1708 patiuntur.
581 1627 718 1706 Profugit
740 1626 810 1688 inde
834 1646 902 1688 cum
925 1630 1028 1707 paucis
1051 1627 1210 1689 Lucterius
1233 1647 1291 1690 nec
1315 1648 1350 1691 se

171 1717 278 1796 recipit
300 1719 332 1777 in
356 1726 462 1778 castra.

253 1802 311 1867 ¹36.
338 1805 382 1867 Re
410 1805 486 1866 bene
510 1812 593 1884 gesta
617 1802 758 1864 Caninius
781 1823 817 1864 ex
841 1807 964 1883 captivis
988 1808 1134 1885 comperit
1156 1813 1274 1884 partem
1298 1825 1347 1867 co·

170 1895 287 1972 piarum
309 1913 377 1955 cum
396 1894 544 1972 Drappete
568 1911 634 1954 esse
657 1895 689 1953 in
713 1895 819 1953 castris
842 1911 858 1952 a
880 1892 1000 1954 milibus
1023 1893 1109 1972 longe
1134 1912 1194 1954 non
1217 1895 1348 1974 amplius

171 1981 233 2042 Xll.
268 1982 331 2053 Oua
355 2001 387 2043 re
411 2000 447 2042 ex
466 1981 670 2061 compluribus
689 1983 818 2062 cognita,
843 1999 910 2042 cunr
933 1981 1120 2061 intellegeret
1142 1983 1243 2062 fugato
1267 1985 1348 2045 duce

171 2069 264 2131 altero
289 2069 493 2150 [perterritos]
517 2070 650 2148 reliquos
673 2070 757 2130 lacile
776 2072 904 2149 opprimi
927 2086 1029 2150 posse,
1053 2088 1174 2150 magnae
1193 2071 1350 2134 felicitatis

171 2177 237 2219 esse
267 2158 466 2221 arbitrabatur
495 2161 645 2220 neminem
675 2177 711 2218 ex
741 2159 830 2219 caede
860 2159 1005 2238 refugisse
1036 2161 1067 2220 in
1096 2167 1209 2240 castra,
1232 2164 1285 2239 qui
1309 2162 1348 2222 de

134 2263 151 2310 a
170 2256 291 2327 accepta
315 2247 477 2308 calamitate
502 2248 641 2308 nuntium
663 2246 805 2326 Drappeti
827 2248 984 2326 perterret.
1022 2247 1081 2309 Sed
1104 2250 1135 2308 in
1159 2250 1348 2328 experiundo

170 2354 239 2397 cum
268 2334 434 2414 periculum
464 2334 578 2396 nullum
611 2335 737 2415 videret,
772 2338 937 2414 equitatum
967 2354 1087 2397 omnem
1119 2335 1345 2418 Germanosque

169 2422 298 2503 pedites,
322 2441 453 2485 summae
476 2423 640 2485 velocitatis
663 2422 812 2504 homines,
834 2424 870 2484 ad
894 2432 990 2485 castra
1012 2424 1144 2486 bostium
1166 2429 1346 2510 praemittit;

169 2513 234 2590 ipse
257 2511 404 2590 legionem
422 2530 512 2573 unam
535 2515 566 2574 in
584 2514 662 2573 trina
682 2520 778 2573 castra
800 2511 965 2594 distribuit,
989 2513 1112 2574 alteram
1135 2531 1237 2574 secum
1256 2533 1347 2594 expe·

135 2598 261 2663 aditam
292 2599 382 2661 ducit.
429 2599 503 2663 Cum
532 2603 656 2682 propius
686 2601 782 2662 hostis
811 2602 1001 2676 accessisset,
1031 2601 1068 2662 ab
1097 2601 1348 2687 exploratoribus,

171 2707 245 2765 quos
267 2691 475 2770 praemiserat,
499 2691 652 2770 cognoscit
670 2698 767 2750 castra
785 2706 904 2772 eorum,
927 2699 961 2751 ut
979 2688 1174 2751 barbarorum
1193 2691 1257 2752 iere
1276 2710 1348 2753 con·

171 2778 298 2839 suetudo
328 2781 387 2860 est,
414 2778 527 2841 relictis
554 2779 627 2840 locis
651 2778 856 2858 superioribus
880 2780 916 2840 ad
941 2781 1022 2858 ripas
1045 2796 1111 2839 esse
1141 2778 1273 2840 fluminis
1297 2781 1349 2842 de·

20 2883 23 2888 ·
135 2868 274 2948 amissa3
302 2875 332 2928 at
355 2866 519 2929 Germanos
546 2870 722 2947 equitesque
750 2867 991 2948 imprudentibus
1014 2865 1153 2929 omnibus
1175 2867 1213 2928 de
1236 2871 1349 2950 impro—

169 2957 232 3015 viso
256 2955 408 3016 advolasse
430 2955 636 3035 proeliumque
659 2959 853 3018 commisisse.
899 2957 963 3029 era
991 2975 1024 3018 re
1055 2958 1172 3036 cognita
1199 2956 1348 3036 legionem

170 3052 311 3106 armatam
334 3047 570 3123 instructamque
594 3043 721 3105 adducit.
766 3045 810 3106 lta
833 3055 958 3125 repente
981 3044 1119 3106 omnibus
1147 3063 1183 3106 en
1210 3045 1349 3125 partibus

170 3134 254 3211 signo
277 3133 346 3194 dato
374 3133 438 3193 loca
465 3135 620 3211 superiora
648 3135 815 3212 capiuntur.
861 3133 947 3205 Quod
974 3133 1027 3195 ubi
1055 3133 1174 3214 accidit,
1207 3133 1349 3196 Germani

134 3223 346 3300 nequitesque
377 3223 469 3300 signis
496 3221 622 3300 legionis
648 3223 720 3282 visis
742 3223 1000 3283 vehementissime
1028 3221 1221 3301 proeliantur.
1268 3222 1347 3285 Con-

169 3388 297 3458 dagegen
318 3390 375 3460 vgl.
395 3397 424 3458 2,
444 3396 468 3444 4.
488 3422 522 3430 —
545 3397 570 3446 4.
594 3393 667 3448 toto
691 3392 731 3448 isb
782 3392 928 3462 insLager
941 3391 1349 3462 zurdckgeflohenseinsollbe,

169 3459 262 3528 Datin,
281 3461 338 3530 vgl.
359 3466 383 3529 t,
402 3467 436 3517 Ἡ
455 3479 489 3515 zu
507 3461 622 3517 alterae.
783 3463 833 3518 der
859 3463 940 3518 hatte
967 3464 1079 3518 kdnnen
1103 3481 1131 3517 ιι.
1155 3481 1175 3519 s.
1199 3481 1234 3517 w.
1272 3464 1348 3519 Den-

206 3529 271 3600 Cap.
301 3536 344 3586 35.
381 3539 405 3587 2.
432 3532 643 3602 provincias:
676 3533 729 3589 Ge·
781 3534 864 3602 noch,
883 3533 909 3588 d.
924 3533 942 3587 i.
963 3533 1093 3604 obgleich
1111 3533 1348 3590 wahrscbeinlich

170 3600 273 3670 sebast,
291 3603 372 3670 Ami,
391 3600 531 3673 Auigabe;
559 3604 664 3661 iibens:
688 3604 728 3659 sie
782 3605 910 3674 Drappes
943 3604 1170 3676 benachrichtigt
1205 3622 1262 3660 von
1295 3606 1349 3661 der

168 3672 275 3727 bbeilen
305 3673 365 3727 sich
391 3673 421 3727 in
448 3676 497 3730 das
524 3675 666 3730 (iescheb.
694 3707 728 3716 —
783 3676 1011 3747 Niederlagedes
1020 3675 1166 3731 Lucterius
1181 3675 1241 3730 sich
1291 3692 1348 3747 gen

169 3748 194 3799 5.
209 3743 395 3813 praesidia:
411 3745 487 3801 siehe
502 3751 526 3814 b,
541 3752 646 3815 9,1ιιιι
664 3746 729 3801 dem
783 3746 838 3801 den
861 3747 974 3817 Angriff
995 3747 1045 3802 der
1067 3747 1171 3801 Rbmer
1194 3764 1239 3802 sor
1291 3748 1350 3819 ltig

169 3813 213 3870 W.
233 3815 549 3900 ,Deoknngsbruppen“.
568 3847 602 3857 -
621 3832 729 3870 arma·
782 3817 919 3872 vorseben
942 3819 1060 3885 konnbe,
1085 3834 1116 3872 so
1138 3817 1189 3872 sah
1211 3817 1348 3873 Caninius

168 3886 223 3939 tos
241 3885 303 3940 sind
322 3887 368 3941 die
386 3888 535 3956 praesidia.
550 3917 583 3928 -
599 3888 728 3942 castra:
783 3889 912 3943 dennoch
929 3889 960 3943 in
978 3888 1043 3944 dom
1056 3887 1182 3943 Vemucb
1194 3887 1279 3943 keine
1294 3888 1349 3944 Ge-

169 3956 218 4010 des
236 3954 372 4027 Drappes.
781 3959 853 4014 fabr.
873 3991 907 3999 -
931 3967 956 4016 3.
975 3959 1117 4030 propius
1139 3958 1264 4013 hostis:
1287 3961 1348 4031 vgl.

205 4026 271 4096 Cap.
298 4034 341 4082 36.
380 4035 404 4083 1.
437 4027 636 4083 amilibus:
661 4028 731 4083 iiber
785 4029 1186 4097 das5,37Anf.Bemerkte.
1206 4033 1347 4085 -ιιι-

169 4096 214 4152 dle
233 4097 299 4154 Bed.
317 4115 374 4154 von
396 4116 414 4153 a
433 4117 454 4155 s.
474 4105 499 4166 2,
519 4105 542 4156 t.
564 4129 594 4138 -
614 4099 730 4170 longe:
783 4100 855 4156 iere
875 4101 1084 4156 consuetudo
1104 4100 1168 4154 est:
1183 4098 1228 4154 die
1242 4100 1349 4158 Romen

168 4168 255 4239 vergi
276 4175 300 4239 t,
319 4175 354 4224 47
373 4170 461 4227 Ende.
495 4169 548 4224 Die
565 4170 612 4225 W.
626 4171 660 4225 A.
678 4171 731 4226 hat
785 4170 857 4241 dage
893 4190 912 4224 n
935 4171 1058 4226 wahlten
1080 4188 1114 4225 zu
1136 4170 1217 4225 ibren
1234 4171 1349 4242 Legem

168 4239 251 4309 longe
275 4240 363 4295 nicht
390 4272 423 4280 —
448 4257 590 4311 magnae
614 4241 731 4297 felici·
784 4248 863 4312 gewd
903 4241 962 4296 licb
982 4242 1055 4296 boch
1073 4242 1207 4312 gelegene
1225 4241 1347 4301 Punkte.

168 4309 254 4365 tatis
272 4312 340 4368 etc:
359 4310 405 4366 dio
423 4310 521 4367 Worte
539 4311 680 4369 neminem
695 4344 729 4355 —
784 4344 817 4352 —
841 4312 929 4367 fere:
952 4313 1022 4368 iiber
1044 4313 1071 4369 d.
1091 4313 1206 4368 Bedeut.
1225 4329 1245 4369 a.
1265 4320 1291 4383 3,
1313 4321 1348 4370 12

166 4379 303 4450 refugisse
321 4382 474 4437 bedeuten:
492 4399 574 4437 wenn
588 4383 730 4440 Niemand
782 4382 847 4438 Anf.
867 4415 901 4422 -
919 4382 1090 4439 fluminis:
1109 4384 1160 4438 der
1177 4381 1241 4439 Lot.
