<?xml version="1.0" encoding="UTF-8"?>
<!DOCTYPE html PUBLIC "-//W3C//DTD XHTML 1.0 Transitional//EN"
    "http://www.w3.org/TR/xhtml1/DTD/xhtml1-transitional.dtd">
<html xmlns="http://www.w3.org/1999/xhtml" xml:lang="en" lang="en">
 <head>
  <title>
</title>
<meta http-equiv="Content-Type" content="text/html;charset=utf-8" />
  <meta name='ocr-system' content='tesseract 3.04.00' />
  <meta name='ocr-capabilities' content='ocr_page ocr_carea ocr_par ocr_line ocrx_word'/>
</head>
<body>
  <div class='ocr_page' id='page_1' title='image "./ciuliicaesarisc00dobegoog_0268.png"; bbox 0 0 2804 4778; ppageno 0'>
   <div class='ocr_carea' id='block_1_1' title="bbox 164 239 928 305">
    <p class='ocr_par' dir='ltr' id='par_1_1' title="bbox 164 239 928 305">
     <span class='ocr_line' id='line_1_1' title="bbox 164 239 928 305; baseline -0.014 0"><span class='ocrx_word' id='word_1_1' title='bbox 164 241 229 305; x_wconf 77' lang='lat'>246</span> <span class='ocrx_word' id='word_1_2' title='bbox 567 241 615 294; x_wconf 83' lang='lat' dir='ltr'>DE</span> <span class='ocrx_word' id='word_1_3' title='bbox 634 239 753 295; x_wconf 80' lang='lat' dir='ltr'>BELLO</span> <span class='ocrx_word' id='word_1_4' title='bbox 772 239 928 294; x_wconf 81' lang='lat' dir='ltr'>GALLICO</span> 
     </span>
    </p>
   </div>
   <div class='ocr_carea' id='block_1_2' title="bbox 165 406 1345 578">
    <p class='ocr_par' dir='ltr' id='par_1_2' title="bbox 165 406 1345 578">
     <span class='ocr_line' id='line_1_2' title="bbox 165 406 1345 488; baseline -0.005 -18"><span class='ocrx_word' id='word_1_5' title='bbox 165 428 228 470; x_wconf 92' lang='lat' dir='ltr'>mae</span> <span class='ocrx_word' id='word_1_6' title='bbox 253 410 376 488; x_wconf 81' lang='lat' dir='ltr'>legionis</span> <span class='ocrx_word' id='word_1_7' title='bbox 400 407 529 468; x_wconf 90' lang='lat' dir='ltr'>tribunis</span> <span class='ocrx_word' id='word_1_8' title='bbox 548 415 627 468; x_wconf 87' lang='lat' dir='ltr'>esset</span> <span class='ocrx_word' id='word_1_9' title='bbox 646 409 828 486; x_wconf 90' lang='lat' dir='ltr'>nuntiatum,</span> <span class='ocrx_word' id='word_1_10' title='bbox 853 423 928 484; x_wconf 88' lang='lat' dir='ltr'>quae</span> <span class='ocrx_word' id='word_1_11' title='bbox 952 407 982 464; x_wconf 91' lang='lat' dir='ltr'>in</span> <span class='ocrx_word' id='word_1_12' title='bbox 1002 406 1122 465; x_wconf 89' lang='lat' dir='ltr'>sinistro</span> <span class='ocrx_word' id='word_1_13' title='bbox 1142 423 1237 465; x_wconf 90' lang='lat' dir='ltr'>cornu</span> <span class='ocrx_word' id='word_1_14' title='bbox 1258 423 1345 484; x_wconf 89' lang='lat' dir='ltr'>gere-</span> 
     </span>
     <span class='ocr_line' id='line_1_3' title="bbox 165 492 1344 578; baseline -0.006 -19"><span class='ocrx_word' id='word_1_15' title='bbox 165 506 284 578; x_wconf 79' lang='lat' dir='ltr'>rentur,</span> <span class='ocrx_word' id='word_1_16' title='bbox 307 505 374 576; x_wconf 92' lang='lat' dir='ltr'>post</span> <span class='ocrx_word' id='word_1_17' title='bbox 397 506 513 575; x_wconf 88' lang='lat' dir='ltr'>tergum</span> <span class='ocrx_word' id='word_1_18' title='bbox 537 495 667 556; x_wconf 87' lang='lat' dir='ltr'>hostium</span> <span class='ocrx_word' id='word_1_19' title='bbox 691 496 836 574; x_wconf 81' lang='lat' dir='ltr'>legionem</span> <span class='ocrx_word' id='word_1_20' title='bbox 855 493 1051 554; x_wconf 90' lang='lat' dir='ltr'>ostenderunt</span> <span class='ocrx_word' id='word_1_21' title='bbox 1069 495 1211 572; x_wconf 90' lang='lat' dir='ltr'>signaque</span> <span class='ocrx_word' id='word_1_22' title='bbox 1231 492 1344 554; x_wconf 86' lang='lat' dir='ltr'>intule-</span> 
     </span>
    </p>
   </div>
   <div class='ocr_carea' id='block_1_3' title="bbox 114 579 1346 2436">
    <p class='ocr_par' dir='ltr' id='par_1_3' title="bbox 131 579 1346 664">
     <span class='ocr_line' id='line_1_4' title="bbox 131 579 1346 664; baseline -0.005 -17"><span class='ocrx_word' id='word_1_23' title='bbox 131 599 146 646; x_wconf 78' lang='lat' dir='ltr'>&#39;t</span> <span class='ocrx_word' id='word_1_24' title='bbox 167 595 246 647; x_wconf 90' lang='lat' dir='ltr'>runt.</span> <span class='ocrx_word' id='word_1_25' title='bbox 274 586 317 645; x_wconf 89' lang='lat' dir='ltr'>Ne</span> <span class='ocrx_word' id='word_1_26' title='bbox 338 604 372 645; x_wconf 94' lang='lat' dir='ltr'>eo</span> <span class='ocrx_word' id='word_1_27' title='bbox 394 585 512 663; x_wconf 89' lang='lat' dir='ltr'>quidem</span> <span class='ocrx_word' id='word_1_28' title='bbox 531 592 664 664; x_wconf 88' lang='lat' dir='ltr'>tempore</span> <span class='ocrx_word' id='word_1_29' title='bbox 685 586 840 662; x_wconf 88' lang='lat' dir='ltr'>quisquam</span> <span class='ocrx_word' id='word_1_30' title='bbox 860 582 925 642; x_wconf 91' lang='lat' dir='ltr'>loco</span> <span class='ocrx_word' id='word_1_31' title='bbox 940 584 1044 663; x_wconf 88' lang='lat' dir='ltr'>cessit,</span> <span class='ocrx_word' id='word_1_32' title='bbox 1068 579 1120 642; x_wconf 88' lang='lat' dir='ltr'>sed</span> <span class='ocrx_word' id='word_1_33' title='bbox 1144 583 1346 643; x_wconf 84' lang='lat' dir='ltr'>circumventi</span> 
     </span>
    </p>

    <p class='ocr_par' dir='ltr' id='par_1_4' title="bbox 131 669 1345 1019">
     <span class='ocr_line' id='line_1_5' title="bbox 131 669 1345 752; baseline -0.002 -18"><span class='ocrx_word' id='word_1_34' title='bbox 131 685 270 735; x_wconf 69' lang='lat' dir='ltr'>{lomnes</span> <span class='ocrx_word' id='word_1_35' title='bbox 298 674 507 752; x_wconf 85' lang='lat' dir='ltr'>interfectique</span> <span class='ocrx_word' id='word_1_36' title='bbox 536 682 613 734; x_wconf 90' lang='lat' dir='ltr'>sunt.</span> <span class='ocrx_word' id='word_1_37' title='bbox 669 672 801 732; x_wconf 86' lang='lat' dir='ltr'>Eandem</span> <span class='ocrx_word' id='word_1_38' title='bbox 834 672 982 731; x_wconf 87' lang='lat' dir='ltr'>fortunam</span> <span class='ocrx_word' id='word_1_39' title='bbox 1014 670 1083 731; x_wconf 91' lang='lat' dir='ltr'>tulit</span> <span class='ocrx_word' id='word_1_40' title='bbox 1113 669 1345 750; x_wconf 82' lang='lat' dir='ltr'>Camulogenus,</span> 
     </span>
     <span class='ocr_line' id='line_1_6' title="bbox 164 759 1344 844; baseline -0.002 -22"><span class='ocrx_word' id='word_1_41' title='bbox 164 762 202 823; x_wconf 89' lang='lat' dir='ltr'>At</span> <span class='ocrx_word' id='word_1_42' title='bbox 224 766 259 844; x_wconf 90' lang='lat' dir='ltr'>ii,</span> <span class='ocrx_word' id='word_1_43' title='bbox 283 766 335 841; x_wconf 91' lang='lat' dir='ltr'>qui</span> <span class='ocrx_word' id='word_1_44' title='bbox 358 761 506 842; x_wconf 88' lang='lat' dir='ltr'>praesidio</span> <span class='ocrx_word' id='word_1_45' title='bbox 530 770 632 822; x_wconf 87' lang='lat' dir='ltr'>contra</span> <span class='ocrx_word' id='word_1_46' title='bbox 657 770 753 822; x_wconf 89' lang='lat' dir='ltr'>castra</span> <span class='ocrx_word' id='word_1_47' title='bbox 774 760 897 821; x_wconf 83' lang='lat' dir='ltr'>Labieni</span> <span class='ocrx_word' id='word_1_48' title='bbox 920 767 1005 819; x_wconf 89' lang='lat' dir='ltr'>erant</span> <span class='ocrx_word' id='word_1_49' title='bbox 1028 759 1137 839; x_wconf 81' lang='lat' dir='ltr'>relicti,</span> <span class='ocrx_word' id='word_1_50' title='bbox 1162 777 1230 819; x_wconf 88' lang='lat' dir='ltr'>cum</span> <span class='ocrx_word' id='word_1_51' title='bbox 1254 778 1344 838; x_wconf 89' lang='lat' dir='ltr'>proe-</span> 
     </span>
     <span class='ocr_line' id='line_1_7' title="bbox 165 846 1344 930; baseline -0.002 -19"><span class='ocrx_word' id='word_1_52' title='bbox 165 851 237 913; x_wconf 92' lang='lat' dir='ltr'>lium</span> <span class='ocrx_word' id='word_1_53' title='bbox 266 853 457 912; x_wconf 90' lang='lat' dir='ltr'>commissum</span> <span class='ocrx_word' id='word_1_54' title='bbox 486 850 651 930; x_wconf 84' lang='lat' dir='ltr'>audissent,</span> <span class='ocrx_word' id='word_1_55' title='bbox 683 849 815 910; x_wconf 88' lang='lat' dir='ltr'>subsidio</span> <span class='ocrx_word' id='word_1_56' title='bbox 843 851 905 908; x_wconf 89' lang='lat' dir='ltr'>suis</span> <span class='ocrx_word' id='word_1_57' title='bbox 934 851 1034 908; x_wconf 89' lang='lat' dir='ltr'>ierunt</span> <span class='ocrx_word' id='word_1_58' title='bbox 1062 846 1226 926; x_wconf 89' lang='lat' dir='ltr'>collemque</span> <span class='ocrx_word' id='word_1_59' title='bbox 1255 867 1344 928; x_wconf 90' lang='lat' dir='ltr'>cepe·</span> 
     </span>
     <span class='ocr_line' id='line_1_8' title="bbox 165 938 1344 1019; baseline -0.002 -19"><span class='ocrx_word' id='word_1_60' title='bbox 165 949 248 1019; x_wconf 89' lang='lat' dir='ltr'>runt,</span> <span class='ocrx_word' id='word_1_61' title='bbox 273 958 370 1018; x_wconf 90' lang='lat' dir='ltr'>neque</span> <span class='ocrx_word' id='word_1_62' title='bbox 391 948 563 1000; x_wconf 88' lang='lat' dir='ltr'>nostrorum</span> <span class='ocrx_word' id='word_1_63' title='bbox 582 939 707 1000; x_wconf 90' lang='lat' dir='ltr'>militum</span> <span class='ocrx_word' id='word_1_64' title='bbox 726 941 873 998; x_wconf 88' lang='lat' dir='ltr'>victorum</span> <span class='ocrx_word' id='word_1_65' title='bbox 896 940 1040 1016; x_wconf 90' lang='lat' dir='ltr'>impetum</span> <span class='ocrx_word' id='word_1_66' title='bbox 1064 938 1212 996; x_wconf 90' lang='lat' dir='ltr'>sustinere</span> <span class='ocrx_word' id='word_1_67' title='bbox 1236 944 1344 1015; x_wconf 86' lang='lat' dir='ltr'>potue-</span> 
     </span>
    </p>

    <p class='ocr_par' dir='ltr' id='par_1_5' title="bbox 130 1025 1344 1106">
     <span class='ocr_line' id='line_1_9' title="bbox 130 1025 1344 1106; baseline -0.002 -17"><span class='ocrx_word' id='word_1_68' title='bbox 130 1042 147 1089; x_wconf 80' lang='grc'>5</span> <span class='ocrx_word' id='word_1_69' title='bbox 167 1037 245 1089; x_wconf 92' lang='lat' dir='ltr'>runt.</span> <span class='ocrx_word' id='word_1_70' title='bbox 274 1029 324 1089; x_wconf 90' lang='lat' dir='ltr'>Sic</span> <span class='ocrx_word' id='word_1_71' title='bbox 344 1047 412 1089; x_wconf 89' lang='lat' dir='ltr'>cum</span> <span class='ocrx_word' id='word_1_72' title='bbox 432 1030 494 1088; x_wconf 89' lang='lat' dir='ltr'>suis</span> <span class='ocrx_word' id='word_1_73' title='bbox 513 1027 697 1106; x_wconf 84' lang='lat' dir='ltr'>fugientibus</span> <span class='ocrx_word' id='word_1_74' title='bbox 716 1029 863 1106; x_wconf 81' lang='lat' dir='ltr'>permixti,</span> <span class='ocrx_word' id='word_1_75' title='bbox 883 1043 957 1104; x_wconf 92' lang='lat' dir='ltr'>quos</span> <span class='ocrx_word' id='word_1_76' title='bbox 977 1043 1037 1085; x_wconf 93' lang='lat' dir='ltr'>non</span> <span class='ocrx_word' id='word_1_77' title='bbox 1056 1025 1144 1084; x_wconf 88' lang='lat' dir='ltr'>silvae</span> <span class='ocrx_word' id='word_1_78' title='bbox 1165 1033 1344 1105; x_wconf 85' lang='lat' dir='ltr'>montesque</span> 
     </span>
    </p>

    <p class='ocr_par' dir='ltr' id='par_1_6' title="bbox 114 1112 1344 1372">
     <span class='ocr_line' id='line_1_10' title="bbox 114 1112 1344 1195; baseline -0.002 -18"><span class='ocrx_word' id='word_1_79' title='bbox 114 1128 148 1178; x_wconf 87' lang='grc'>15</span> <span class='ocrx_word' id='word_1_80' title='bbox 167 1125 319 1191; x_wconf 87' lang='lat' dir='ltr'>texerunt,</span> <span class='ocrx_word' id='word_1_81' title='bbox 343 1117 378 1176; x_wconf 88' lang='lat' dir='ltr'>ab</span> <span class='ocrx_word' id='word_1_82' title='bbox 403 1119 536 1195; x_wconf 88' lang='lat' dir='ltr'>equitatu</span> <span class='ocrx_word' id='word_1_83' title='bbox 560 1124 630 1177; x_wconf 91' lang='lat' dir='ltr'>sunt</span> <span class='ocrx_word' id='word_1_84' title='bbox 652 1117 812 1176; x_wconf 84' lang='lat' dir='ltr'>interfecti.</span> <span class='ocrx_word' id='word_1_85' title='bbox 853 1114 915 1175; x_wconf 91' lang='lat' dir='ltr'>Hoc</span> <span class='ocrx_word' id='word_1_86' title='bbox 939 1116 1058 1194; x_wconf 89' lang='lat' dir='ltr'>negotio</span> <span class='ocrx_word' id='word_1_87' title='bbox 1083 1115 1220 1174; x_wconf 90' lang='lat' dir='ltr'>conlecto</span> <span class='ocrx_word' id='word_1_88' title='bbox 1238 1112 1344 1175; x_wconf 90' lang='lat' dir='ltr'>Labie·</span> 
     </span>
     <span class='ocr_line' id='line_1_11' title="bbox 165 1202 1343 1285; baseline -0.002 -19"><span class='ocrx_word' id='word_1_89' title='bbox 165 1224 222 1266; x_wconf 92' lang='lat' dir='ltr'>nus</span> <span class='ocrx_word' id='word_1_90' title='bbox 246 1208 408 1266; x_wconf 85' lang='lat' dir='ltr'>revertitur</span> <span class='ocrx_word' id='word_1_91' title='bbox 428 1205 627 1285; x_wconf 82' lang='lat' dir='ltr'>Agedincum,</span> <span class='ocrx_word' id='word_1_92' title='bbox 651 1204 703 1264; x_wconf 89' lang='lat' dir='ltr'>ubi</span> <span class='ocrx_word' id='word_1_93' title='bbox 726 1205 934 1283; x_wconf 90' lang='lat' dir='ltr'>impedimenta</span> <span class='ocrx_word' id='word_1_94' title='bbox 959 1205 1050 1263; x_wconf 90' lang='lat' dir='ltr'>totius</span> <span class='ocrx_word' id='word_1_95' title='bbox 1070 1205 1219 1262; x_wconf 83' lang='lat' dir='ltr'>exercitus</span> <span class='ocrx_word' id='word_1_96' title='bbox 1238 1202 1343 1264; x_wconf 91' lang='lat' dir='ltr'>relicta</span> 
     </span>
     <span class='ocr_line' id='line_1_12' title="bbox 167 1292 1135 1372; baseline -0.003 -19"><span class='ocrx_word' id='word_1_97' title='bbox 167 1303 265 1354; x_wconf 88' lang='lat' dir='ltr'>erant:</span> <span class='ocrx_word' id='word_1_98' title='bbox 287 1293 356 1353; x_wconf 91' lang='lat' dir='ltr'>inde</span> <span class='ocrx_word' id='word_1_99' title='bbox 384 1312 452 1353; x_wconf 90' lang='lat' dir='ltr'>cum</span> <span class='ocrx_word' id='word_1_100' title='bbox 476 1293 613 1353; x_wconf 89' lang='lat' dir='ltr'>omnibus</span> <span class='ocrx_word' id='word_1_101' title='bbox 637 1295 731 1372; x_wconf 91' lang='lat' dir='ltr'>copiis</span> <span class='ocrx_word' id='word_1_102' title='bbox 755 1292 790 1352; x_wconf 90' lang='lat' dir='ltr'>ad</span> <span class='ocrx_word' id='word_1_103' title='bbox 814 1292 969 1352; x_wconf 85' lang='lat' dir='ltr'>Caesarem</span> <span class='ocrx_word' id='word_1_104' title='bbox 991 1294 1135 1370; x_wconf 87' lang='lat' dir='ltr'>pervenit.</span> 
     </span>
    </p>

    <p class='ocr_par' dir='ltr' id='par_1_7' title="bbox 131 1379 1344 1638">
     <span class='ocr_line' id='line_1_13' title="bbox 255 1379 1344 1460; baseline -0.003 -18"><span class='ocrx_word' id='word_1_105' title='bbox 255 1379 307 1442; x_wconf 89' lang='grc'>63.</span> <span class='ocrx_word' id='word_1_106' title='bbox 330 1381 504 1442; x_wconf 83' lang='lat' dir='ltr'>Defectione</span> <span class='ocrx_word' id='word_1_107' title='bbox 528 1382 698 1442; x_wconf 81' lang='lat' dir='ltr'>Aeduorum</span> <span class='ocrx_word' id='word_1_108' title='bbox 722 1383 838 1460; x_wconf 88' lang='lat' dir='ltr'>cognita</span> <span class='ocrx_word' id='word_1_109' title='bbox 861 1379 971 1440; x_wconf 92' lang='lat' dir='ltr'>bellum</span> <span class='ocrx_word' id='word_1_110' title='bbox 995 1387 1128 1459; x_wconf 89' lang='lat' dir='ltr'>augetur.</span> <span class='ocrx_word' id='word_1_111' title='bbox 1165 1380 1344 1459; x_wconf 86' lang='lat' dir='ltr'>Legationes</span> 
     </span>
     <span class='ocr_line' id='line_1_14' title="bbox 131 1470 1343 1551; baseline 0.002 -22"><span class='ocrx_word' id='word_1_112' title='bbox 131 1473 197 1530; x_wconf 79' lang='lat' dir='ltr'>ain</span> <span class='ocrx_word' id='word_1_113' title='bbox 221 1489 323 1530; x_wconf 92' lang='lat' dir='ltr'>omnes</span> <span class='ocrx_word' id='word_1_114' title='bbox 346 1478 446 1549; x_wconf 92' lang='lat' dir='ltr'>partes</span> <span class='ocrx_word' id='word_1_115' title='bbox 471 1473 757 1535; x_wconf 86' lang='lat' dir='ltr'>circummittuntur:</span> <span class='ocrx_word' id='word_1_116' title='bbox 781 1477 924 1548; x_wconf 89' lang='lat' dir='ltr'>quantum</span> <span class='ocrx_word' id='word_1_117' title='bbox 947 1470 1054 1548; x_wconf 90' lang='lat' dir='ltr'>gratia,</span> <span class='ocrx_word' id='word_1_118' title='bbox 1078 1471 1268 1551; x_wconf 90' lang='lat' dir='ltr'>auctoritate,</span> <span class='ocrx_word' id='word_1_119' title='bbox 1292 1489 1343 1550; x_wconf 90' lang='lat' dir='ltr'>pe-</span> 
     </span>
     <span class='ocr_line' id='line_1_15' title="bbox 132 1556 1343 1638; baseline 0.001 -20"><span class='ocrx_word' id='word_1_120' title='bbox 132 1571 148 1618; x_wconf 83' lang='lat'><strong>3</strong></span> <span class='ocrx_word' id='word_1_121' title='bbox 169 1561 255 1619; x_wconf 89' lang='lat' dir='ltr'>cunia</span> <span class='ocrx_word' id='word_1_122' title='bbox 273 1559 384 1638; x_wconf 88' lang='lat' dir='ltr'>valent,</span> <span class='ocrx_word' id='word_1_123' title='bbox 408 1559 443 1618; x_wconf 92' lang='lat' dir='ltr'>ad</span> <span class='ocrx_word' id='word_1_124' title='bbox 468 1559 666 1619; x_wconf 85' lang='lat' dir='ltr'>sollicitandas</span> <span class='ocrx_word' id='word_1_125' title='bbox 687 1561 820 1619; x_wconf 86' lang='lat' dir='ltr'>civitates</span> <span class='ocrx_word' id='word_1_126' title='bbox 839 1560 988 1637; x_wconf 82' lang='lat' dir='ltr'>nituntur3</span> <span class='ocrx_word' id='word_1_127' title='bbox 1012 1560 1091 1617; x_wconf 91' lang='lat' dir='ltr'>nacti</span> <span class='ocrx_word' id='word_1_128' title='bbox 1114 1556 1242 1637; x_wconf 90' lang='lat' dir='ltr'>obsides,</span> <span class='ocrx_word' id='word_1_129' title='bbox 1266 1576 1343 1637; x_wconf 92' lang='lat' dir='ltr'>quos</span> 
     </span>
    </p>

    <p class='ocr_par' dir='ltr' id='par_1_8' title="bbox 129 1645 1343 1904">
     <span class='ocr_line' id='line_1_16' title="bbox 167 1645 1343 1727; baseline 0.001 -20"><span class='ocrx_word' id='word_1_130' title='bbox 167 1646 274 1708; x_wconf 81' lang='lat' dir='ltr'>Caesar</span> <span class='ocrx_word' id='word_1_131' title='bbox 298 1648 374 1727; x_wconf 92' lang='lat' dir='ltr'>apud</span> <span class='ocrx_word' id='word_1_132' title='bbox 407 1667 458 1708; x_wconf 90' lang='lat' dir='ltr'>eos</span> <span class='ocrx_word' id='word_1_133' title='bbox 486 1648 677 1727; x_wconf 87' lang='lat' dir='ltr'>deposuerat,</span> <span class='ocrx_word' id='word_1_134' title='bbox 700 1647 808 1707; x_wconf 88' lang='lat' dir='ltr'>horum</span> <span class='ocrx_word' id='word_1_135' title='bbox 832 1646 977 1726; x_wconf 90' lang='lat' dir='ltr'>supplicio</span> <span class='ocrx_word' id='word_1_136' title='bbox 1000 1645 1170 1707; x_wconf 88' lang='lat' dir='ltr'>dubitantes</span> <span class='ocrx_word' id='word_1_137' title='bbox 1194 1650 1343 1708; x_wconf 84' lang='lat' dir='ltr'>territant.</span> 
     </span>
     <span class='ocr_line' id='line_1_17' title="bbox 129 1734 1343 1816; baseline 0.001 -20"><span class='ocrx_word' id='word_1_138' title='bbox 129 1736 276 1797; x_wconf 85' lang='lat' dir='ltr'>4Petunt</span> <span class='ocrx_word' id='word_1_139' title='bbox 303 1754 319 1796; x_wconf 91' lang='lat' dir='ltr'>a</span> <span class='ocrx_word' id='word_1_140' title='bbox 343 1735 584 1816; x_wconf 88' lang='lat' dir='ltr'>Vercingetorige</span> <span class='ocrx_word' id='word_1_141' title='bbox 608 1736 715 1816; x_wconf 87' lang='lat' dir='ltr'>Aedui,</span> <span class='ocrx_word' id='word_1_142' title='bbox 745 1744 780 1796; x_wconf 89' lang='lat' dir='ltr'>ut</span> <span class='ocrx_word' id='word_1_143' title='bbox 806 1734 841 1795; x_wconf 95' lang='lat' dir='ltr'>ad</span> <span class='ocrx_word' id='word_1_144' title='bbox 871 1754 902 1795; x_wconf 89' lang='lat' dir='ltr'>se</span> <span class='ocrx_word' id='word_1_145' title='bbox 926 1737 1023 1796; x_wconf 88' lang='lat' dir='ltr'>veniat</span> <span class='ocrx_word' id='word_1_146' title='bbox 1051 1736 1242 1813; x_wconf 88' lang='lat' dir='ltr'>rationesque</span> <span class='ocrx_word' id='word_1_147' title='bbox 1273 1735 1343 1797; x_wconf 92' lang='lat' dir='ltr'>belli</span> 
     </span>
     <span class='ocr_line' id='line_1_18' title="bbox 130 1823 1343 1904; baseline 0 -19"><span class='ocrx_word' id='word_1_148' title='bbox 130 1826 288 1903; x_wconf 71' lang='lat' dir='ltr'>egerendi</span> <span class='ocrx_word' id='word_1_149' title='bbox 319 1828 527 1886; x_wconf 86' lang='lat' dir='ltr'>communicet.</span> <span class='ocrx_word' id='word_1_150' title='bbox 573 1825 615 1885; x_wconf 89' lang='lat' dir='ltr'>Re</span> <span class='ocrx_word' id='word_1_151' title='bbox 649 1827 805 1903; x_wconf 90' lang='lat' dir='ltr'>impetrata</span> <span class='ocrx_word' id='word_1_152' title='bbox 838 1823 1035 1904; x_wconf 90' lang='lat' dir='ltr'>contendunt,</span> <span class='ocrx_word' id='word_1_153' title='bbox 1062 1832 1096 1883; x_wconf 93' lang='lat' dir='ltr'>ut</span> <span class='ocrx_word' id='word_1_154' title='bbox 1125 1826 1197 1903; x_wconf 88' lang='lat' dir='ltr'>ipsis</span> <span class='ocrx_word' id='word_1_155' title='bbox 1226 1843 1343 1885; x_wconf 91' lang='lat' dir='ltr'>summa</span> 
     </span>
    </p>

    <p class='ocr_par' dir='ltr' id='par_1_9' title="bbox 129 1911 1345 2436">
     <span class='ocr_line' id='line_1_19' title="bbox 167 1911 1342 1994; baseline 0.002 -22"><span class='ocrx_word' id='word_1_156' title='bbox 167 1915 285 1993; x_wconf 89' lang='lat' dir='ltr'>imperii</span> <span class='ocrx_word' id='word_1_157' title='bbox 308 1914 455 1994; x_wconf 90' lang='lat' dir='ltr'>tradatur,</span> <span class='ocrx_word' id='word_1_158' title='bbox 479 1923 508 1973; x_wconf 91' lang='lat' dir='ltr'>et</span> <span class='ocrx_word' id='word_1_159' title='bbox 532 1933 564 1974; x_wconf 91' lang='lat' dir='ltr'>re</span> <span class='ocrx_word' id='word_1_160' title='bbox 588 1916 618 1973; x_wconf 91' lang='lat' dir='ltr'>in</span> <span class='ocrx_word' id='word_1_161' title='bbox 639 1915 870 1974; x_wconf 88' lang='lat' dir='ltr'>controversiam</span> <span class='ocrx_word' id='word_1_162' title='bbox 890 1911 1016 1972; x_wconf 90' lang='lat' dir='ltr'>deducta</span> <span class='ocrx_word' id='word_1_163' title='bbox 1040 1914 1130 1972; x_wconf 90' lang='lat' dir='ltr'>totius</span> <span class='ocrx_word' id='word_1_164' title='bbox 1147 1911 1255 1973; x_wconf 87' lang='lat' dir='ltr'>Galliae</span> <span class='ocrx_word' id='word_1_165' title='bbox 1272 1933 1342 1974; x_wconf 90' lang='lat' dir='ltr'>con·</span> 
     </span>
     <span class='ocr_line' id='line_1_20' title="bbox 165 2000 1342 2084; baseline 0 -22"><span class='ocrx_word' id='word_1_166' title='bbox 165 2002 266 2062; x_wconf 85' lang='lat' dir='ltr'>cilium</span> <span class='ocrx_word' id='word_1_167' title='bbox 295 2001 433 2063; x_wconf 90' lang='lat' dir='ltr'>Bibracte</span> <span class='ocrx_word' id='word_1_168' title='bbox 463 2003 611 2063; x_wconf 91' lang='lat' dir='ltr'>indicitur.</span> <span class='ocrx_word' id='word_1_169' title='bbox 658 2001 772 2063; x_wconf 88' lang='lat' dir='ltr'>Eodem</span> <span class='ocrx_word' id='word_1_170' title='bbox 795 2004 975 2062; x_wconf 89' lang='lat' dir='ltr'>conveniunt</span> <span class='ocrx_word' id='word_1_171' title='bbox 998 2000 1129 2084; x_wconf 90' lang='lat' dir='ltr'>undique</span> <span class='ocrx_word' id='word_1_172' title='bbox 1158 2001 1342 2079; x_wconf 82' lang='lat' dir='ltr'>frequentes.</span> 
     </span>
     <span class='ocr_line' id='line_1_21' title="bbox 130 2089 1343 2173; baseline 0 -22"><span class='ocrx_word' id='word_1_173' title='bbox 130 2089 361 2152; x_wconf 80' lang='lat' dir='ltr'>eblultitudinis</span> <span class='ocrx_word' id='word_1_174' title='bbox 390 2093 536 2173; x_wconf 76' lang='lat' dir='ltr'>suffragiis</span> <span class='ocrx_word' id='word_1_175' title='bbox 565 2110 615 2152; x_wconf 89' lang='lat' dir='ltr'>res</span> <span class='ocrx_word' id='word_1_176' title='bbox 641 2093 837 2170; x_wconf 89' lang='lat' dir='ltr'>permittitur:</span> <span class='ocrx_word' id='word_1_177' title='bbox 868 2090 903 2150; x_wconf 96' lang='lat' dir='ltr'>ad</span> <span class='ocrx_word' id='word_1_178' title='bbox 933 2109 1025 2150; x_wconf 92' lang='lat' dir='ltr'>unum</span> <span class='ocrx_word' id='word_1_179' title='bbox 1057 2108 1159 2149; x_wconf 91' lang='lat' dir='ltr'>omnes</span> <span class='ocrx_word' id='word_1_180' title='bbox 1182 2089 1343 2170; x_wconf 88' lang='lat' dir='ltr'>Vercinge-</span> 
     </span>
     <span class='ocr_line' id='line_1_22' title="bbox 129 2177 1345 2261; baseline 0 -21"><span class='ocrx_word' id='word_1_181' title='bbox 129 2183 292 2258; x_wconf 79' lang='lat' dir='ltr'>ttorigem</span> <span class='ocrx_word' id='word_1_182' title='bbox 324 2179 451 2258; x_wconf 91' lang='lat' dir='ltr'>probant</span> <span class='ocrx_word' id='word_1_183' title='bbox 481 2183 699 2259; x_wconf 88' lang='lat' dir='ltr'>imperatorem.</span> <span class='ocrx_word' id='word_1_184' title='bbox 745 2178 788 2239; x_wconf 92' lang='lat' dir='ltr'>Ab</span> <span class='ocrx_word' id='word_1_185' title='bbox 818 2178 875 2239; x_wconf 89' lang='lat' dir='ltr'>hoe</span> <span class='ocrx_word' id='word_1_186' title='bbox 906 2179 1030 2239; x_wconf 92' lang='lat' dir='ltr'>concilio</span> <span class='ocrx_word' id='word_1_187' title='bbox 1055 2178 1152 2257; x_wconf 86' lang='lat' dir='ltr'>Remi,</span> <span class='ocrx_word' id='word_1_188' title='bbox 1182 2177 1345 2261; x_wconf 87' lang='lat' dir='ltr'>Lingones,</span> 
     </span>
     <span class='ocr_line' id='line_1_23' title="bbox 165 2266 1344 2349; baseline 0.001 -23"><span class='ocrx_word' id='word_1_189' title='bbox 165 2267 287 2327; x_wconf 84' lang='lat' dir='ltr'>Treveri</span> <span class='ocrx_word' id='word_1_190' title='bbox 318 2268 470 2328; x_wconf 85' lang='lat' dir='ltr'>aluerunt:</span> <span class='ocrx_word' id='word_1_191' title='bbox 507 2267 565 2348; x_wconf 92' lang='lat' dir='ltr'>illi,</span> <span class='ocrx_word' id='word_1_192' title='bbox 596 2269 680 2347; x_wconf 91' lang='lat' dir='ltr'>quod</span> <span class='ocrx_word' id='word_1_193' title='bbox 706 2270 863 2328; x_wconf 88' lang='lat' dir='ltr'>amicitiam</span> <span class='ocrx_word' id='word_1_194' title='bbox 894 2267 1094 2327; x_wconf 88' lang='lat' dir='ltr'>Romanorum</span> <span class='ocrx_word' id='word_1_195' title='bbox 1125 2266 1344 2349; x_wconf 73' lang='lat' dir='ltr'>sequebantur,</span> 
     </span>
     <span class='ocr_line' id='line_1_24' title="bbox 165 2355 1343 2436; baseline 0.003 -23"><span class='ocrx_word' id='word_1_196' title='bbox 165 2355 302 2435; x_wconf 90' lang='lat' dir='ltr'>Treveri,</span> <span class='ocrx_word' id='word_1_197' title='bbox 327 2356 405 2434; x_wconf 90' lang='lat' dir='ltr'>quod</span> <span class='ocrx_word' id='word_1_198' title='bbox 427 2357 552 2417; x_wconf 89' lang='lat' dir='ltr'>aberant</span> <span class='ocrx_word' id='word_1_199' title='bbox 574 2357 691 2436; x_wconf 88' lang='lat' dir='ltr'>longius</span> <span class='ocrx_word' id='word_1_200' title='bbox 718 2364 747 2416; x_wconf 92' lang='lat' dir='ltr'>et</span> <span class='ocrx_word' id='word_1_201' title='bbox 770 2355 806 2415; x_wconf 91' lang='lat' dir='ltr'>ab</span> <span class='ocrx_word' id='word_1_202' title='bbox 830 2355 985 2416; x_wconf 88' lang='lat' dir='ltr'>Germanis</span> <span class='ocrx_word' id='word_1_203' title='bbox 1013 2355 1241 2436; x_wconf 91' lang='lat' dir='ltr'>premebantur,</span> <span class='ocrx_word' id='word_1_204' title='bbox 1266 2376 1343 2435; x_wconf 90' lang='lat' dir='ltr'>quae</span> 
     </span>
    </p>
   </div>
   <div class='ocr_carea' id='block_1_4' title="bbox 160 2560 1378 4471">
    <p class='ocr_par' dir='ltr' id='par_1_10' title="bbox 160 2560 1378 4471">
     <span class='ocr_line' id='line_1_25' title="bbox 165 2560 1342 2629; baseline 0.002 -15"><span class='ocrx_word' id='word_1_205' title='bbox 165 2592 199 2602; x_wconf 89' lang='lat'><em>-</em></span> <span class='ocrx_word' id='word_1_206' title='bbox 223 2560 388 2629; x_wconf 87' lang='lat' dir='ltr'>signaque</span> <span class='ocrx_word' id='word_1_207' title='bbox 412 2560 622 2616; x_wconf 89' lang='lat' dir='ltr'>intulerunt:</span> <span class='ocrx_word' id='word_1_208' title='bbox 651 2580 673 2616; x_wconf 89' lang='lat' dir='ltr'>s.</span> <span class='ocrx_word' id='word_1_209' title='bbox 699 2569 722 2629; x_wconf 89' lang='lat'>1,</span> <span class='ocrx_word' id='word_1_210' title='bbox 776 2564 908 2616; x_wconf 83' lang='lat' dir='ltr'>buntur:</span> <span class='ocrx_word' id='word_1_211' title='bbox 937 2577 993 2615; x_wconf 82' lang='lat' dir='ltr'>von</span> <span class='ocrx_word' id='word_1_212' title='bbox 1017 2562 1071 2616; x_wconf 89' lang='lat' dir='ltr'>den</span> <span class='ocrx_word' id='word_1_213' title='bbox 1093 2561 1229 2617; x_wconf 85' lang='lat' dir='ltr'>Aeduern.</span> <span class='ocrx_word' id='word_1_214' title='bbox 1256 2593 1290 2603; x_wconf 93' lang='lat'><em>-</em></span> <span class='ocrx_word' id='word_1_215' title='bbox 1316 2571 1342 2617; x_wconf 84' lang='lat'>2.</span> 
     </span>
     <span class='ocr_line' id='line_1_26' title="bbox 164 2633 1341 2702; baseline 0.004 -18"><span class='ocrx_word' id='word_1_216' title='bbox 164 2636 211 2699; x_wconf 79' lang='lat'>25,</span> <span class='ocrx_word' id='word_1_217' title='bbox 241 2637 263 2687; x_wconf 77' lang='lat'>7.</span> <span class='ocrx_word' id='word_1_218' title='bbox 294 2661 327 2670; x_wconf 89' lang='lat'><strong>—</strong></span> <span class='ocrx_word' id='word_1_219' title='bbox 360 2637 382 2687; x_wconf 77' lang='lat'>7.</span> <span class='ocrx_word' id='word_1_220' title='bbox 412 2633 501 2686; x_wconf 88' lang='lat' dir='ltr'>loco:</span> <span class='ocrx_word' id='word_1_221' title='bbox 530 2650 584 2687; x_wconf 88' lang='lat' dir='ltr'>von</span> <span class='ocrx_word' id='word_1_222' title='bbox 617 2633 722 2686; x_wconf 90' lang='lat' dir='ltr'>seinem</span> <span class='ocrx_word' id='word_1_223' title='bbox 777 2635 940 2702; x_wconf 86' lang='lat' dir='ltr'>quantum</span> <span class='ocrx_word' id='word_1_224' title='bbox 960 2663 993 2686; x_wconf 85' lang='lat'>—.</span> <span class='ocrx_word' id='word_1_225' title='bbox 1012 2633 1143 2687; x_wconf 86' lang='lat' dir='ltr'>valent:</span> <span class='ocrx_word' id='word_1_226' title='bbox 1162 2633 1256 2702; x_wconf 86' lang='lat' dir='ltr'>gratia</span> <span class='ocrx_word' id='word_1_227' title='bbox 1276 2636 1341 2702; x_wconf 77' lang='lat' dir='ltr'>etc,</span> 
     </span>
     <span class='ocr_line' id='line_1_27' title="bbox 163 2703 1340 2774; baseline 0.003 -18"><span class='ocrx_word' id='word_1_228' title='bbox 163 2703 267 2757; x_wconf 87' lang='lat' dir='ltr'>Platze.</span> <span class='ocrx_word' id='word_1_229' title='bbox 288 2735 321 2742; x_wconf 85' lang='lat'>—</span> <span class='ocrx_word' id='word_1_230' title='bbox 346 2709 369 2757; x_wconf 89' lang='lat'>8.</span> <span class='ocrx_word' id='word_1_231' title='bbox 395 2703 492 2757; x_wconf 86' lang='lat' dir='ltr'>tulit:</span> <span class='ocrx_word' id='word_1_232' title='bbox 516 2703 669 2771; x_wconf 86' lang='lat' dir='ltr'>„theilte“.</span> <span class='ocrx_word' id='word_1_233' title='bbox 688 2735 722 2742; x_wconf 86' lang='lat'>-</span> <span class='ocrx_word' id='word_1_234' title='bbox 776 2704 821 2757; x_wconf 80' lang='grc'>155</span> <span class='ocrx_word' id='word_1_235' title='bbox 844 2703 950 2758; x_wconf 84' lang='lat' dir='ltr'>welche</span> <span class='ocrx_word' id='word_1_236' title='bbox 973 2703 1063 2772; x_wconf 82' lang='lat' dir='ltr'>Roget</span> <span class='ocrx_word' id='word_1_237' title='bbox 1087 2704 1178 2774; x_wconf 86' lang='lat' dir='ltr'>geben</span> <span class='ocrx_word' id='word_1_238' title='bbox 1203 2704 1249 2758; x_wconf 87' lang='lat' dir='ltr'>die</span> <span class='ocrx_word' id='word_1_239' title='bbox 1277 2705 1340 2760; x_wconf 88' lang='lat' dir='ltr'>drei</span> 
     </span>
     <span class='ocr_line' id='line_1_28' title="bbox 164 2773 1342 2843; baseline 0.003 -16"><span class='ocrx_word' id='word_1_240' title='bbox 164 2773 397 2828; x_wconf 87' lang='lat' dir='ltr'>commissum</span> <span class='ocrx_word' id='word_1_241' title='bbox 429 2775 643 2830; x_wconf 78' lang='lat' dir='ltr'>audissent:</span> <span class='ocrx_word' id='word_1_242' title='bbox 680 2775 723 2828; x_wconf 80' lang='lat' dir='ltr'>tur</span> <span class='ocrx_word' id='word_1_243' title='bbox 778 2773 1342 2843; x_wconf 76' lang='lat' dir='ltr'>substantivaeinsseispiel?-nitun-</span> 
     </span>
     <span class='ocr_line' id='line_1_29' title="bbox 162 2845 1339 2917; baseline 0.001 -18"><span class='ocrx_word' id='word_1_244' title='bbox 162 2845 269 2900; x_wconf 81' lang='lat' dir='ltr'>welche</span> <span class='ocrx_word' id='word_1_245' title='bbox 287 2845 376 2914; x_wconf 82' lang='lat' dir='ltr'>Regel</span> <span class='ocrx_word' id='word_1_246' title='bbox 394 2846 440 2899; x_wconf 88' lang='lat' dir='ltr'>ein</span> <span class='ocrx_word' id='word_1_247' title='bbox 453 2845 636 2915; x_wconf 78' lang='lat' dir='ltr'>Beispielt-</span> <span class='ocrx_word' id='word_1_248' title='bbox 650 2847 722 2900; x_wconf 91' lang='lat' dir='ltr'>col·</span> <span class='ocrx_word' id='word_1_249' title='bbox 776 2846 844 2899; x_wconf 87' lang='lat' dir='ltr'>tur:</span> <span class='ocrx_word' id='word_1_250' title='bbox 864 2847 1100 2916; x_wconf 82' lang='lat' dir='ltr'>Anstrengungen</span> <span class='ocrx_word' id='word_1_251' title='bbox 1113 2846 1240 2912; x_wconf 79' lang='lat' dir='ltr'>machon,</span> <span class='ocrx_word' id='word_1_252' title='bbox 1254 2845 1339 2917; x_wconf 85' lang='lat' dir='ltr'>eifrig</span> 
     </span>
     <span class='ocr_line' id='line_1_30' title="bbox 163 2915 1341 2986; baseline 0.002 -17"><span class='ocrx_word' id='word_1_253' title='bbox 163 2916 241 2970; x_wconf 87' lang='lat' dir='ltr'>lem:</span> <span class='ocrx_word' id='word_1_254' title='bbox 255 2915 489 2971; x_wconf 89' lang='lat' dir='ltr'>wahrscheinlich</span> <span class='ocrx_word' id='word_1_255' title='bbox 496 2917 557 2971; x_wconf 90' lang='lat' dir='ltr'>eine</span> <span class='ocrx_word' id='word_1_256' title='bbox 568 2916 648 2986; x_wconf 84' lang='lat' dir='ltr'>jener</span> <span class='ocrx_word' id='word_1_257' title='bbox 658 2917 723 2972; x_wconf 80' lang='lat' dir='ltr'>Ter·</span> <span class='ocrx_word' id='word_1_258' title='bbox 778 2916 896 2971; x_wconf 86' lang='lat' dir='ltr'>streben.</span> <span class='ocrx_word' id='word_1_259' title='bbox 913 2947 946 2956; x_wconf 92' lang='lat'>-</span> <span class='ocrx_word' id='word_1_260' title='bbox 960 2921 985 2970; x_wconf 82' lang='lat'>3.</span> <span class='ocrx_word' id='word_1_261' title='bbox 1005 2915 1103 2970; x_wconf 86' lang='lat' dir='ltr'>nacti</span> <span class='ocrx_word' id='word_1_262' title='bbox 1122 2915 1277 2972; x_wconf 80' lang='lat' dir='ltr'>obsides:</span> <span class='ocrx_word' id='word_1_263' title='bbox 1292 2936 1341 2971; x_wconf 82' lang='lat' dir='ltr'>aur</span> 
     </span>
     <span class='ocr_line' id='line_1_31' title="bbox 162 2986 1341 3056; baseline 0.003 -16"><span class='ocrx_word' id='word_1_264' title='bbox 162 2986 416 3056; x_wconf 86' lang='lat' dir='ltr'>rainerhebungen,</span> <span class='ocrx_word' id='word_1_265' title='bbox 442 2987 547 3042; x_wconf 85' lang='lat' dir='ltr'>welche</span> <span class='ocrx_word' id='word_1_266' title='bbox 574 2987 634 3043; x_wconf 91' lang='lat' dir='ltr'>sich</span> <span class='ocrx_word' id='word_1_267' title='bbox 661 2988 724 3041; x_wconf 85' lang='lat' dir='ltr'>zwi-</span> <span class='ocrx_word' id='word_1_268' title='bbox 779 2986 868 3041; x_wconf 83' lang='lat' dir='ltr'>Sache</span> <span class='ocrx_word' id='word_1_269' title='bbox 892 2987 947 3056; x_wconf 86' lang='lat' dir='ltr'>vgl.</span> <span class='ocrx_word' id='word_1_270' title='bbox 968 3003 990 3041; x_wconf 93' lang='grc'>5.</span> <span class='ocrx_word' id='word_1_271' title='bbox 1012 2992 1053 3041; x_wconf 90' lang='grc'>55.</span> <span class='ocrx_word' id='word_1_272' title='bbox 1074 3017 1108 3026; x_wconf 89' lang='lat'>-</span> <span class='ocrx_word' id='word_1_273' title='bbox 1132 2987 1252 3043; x_wconf 90' lang='lat' dir='ltr'>horum</span> <span class='ocrx_word' id='word_1_274' title='bbox 1275 2989 1341 3043; x_wconf 87' lang='lat' dir='ltr'>wie·</span> 
     </span>
     <span class='ocr_line' id='line_1_32' title="bbox 163 3056 1378 3128; baseline 0 -16"><span class='ocrx_word' id='word_1_275' title='bbox 163 3059 248 3112; x_wconf 80' lang='grc'>55555</span> <span class='ocrx_word' id='word_1_276' title='bbox 271 3056 313 3112; x_wconf 91' lang='lat' dir='ltr'>Pt.</span> <span class='ocrx_word' id='word_1_277' title='bbox 333 3059 500 3128; x_wconf 89' lang='lat' dir='ltr'>Montrouge</span> <span class='ocrx_word' id='word_1_278' title='bbox 522 3058 580 3112; x_wconf 87' lang='lat' dir='ltr'>und</span> <span class='ocrx_word' id='word_1_279' title='bbox 599 3059 723 3114; x_wconf 86' lang='lat' dir='ltr'>Vanvres</span> <span class='ocrx_word' id='word_1_280' title='bbox 778 3058 891 3112; x_wconf 90' lang='lat' dir='ltr'>derholt</span> <span class='ocrx_word' id='word_1_281' title='bbox 907 3059 961 3112; x_wconf 89' lang='lat' dir='ltr'>mit</span> <span class='ocrx_word' id='word_1_282' title='bbox 978 3057 1148 3112; x_wconf 84' lang='lat' dir='ltr'>Nachdruok</span> <span class='ocrx_word' id='word_1_283' title='bbox 1173 3058 1228 3112; x_wconf 90' lang='lat' dir='ltr'>den</span> <span class='ocrx_word' id='word_1_284' title='bbox 1247 3058 1343 3114; x_wconf 90' lang='lat' dir='ltr'>Inhalt</span> <span class='ocrx_word' id='word_1_285' title='bbox 1376 3067 1378 3071; x_wconf 77' lang='grc'>’</span> 
     </span>
     <span class='ocr_line' id='line_1_33' title="bbox 163 3128 1342 3200; baseline 0 -18"><span class='ocrx_word' id='word_1_286' title='bbox 163 3129 300 3182; x_wconf 90' lang='lat' dir='ltr'>befinden.</span> <span class='ocrx_word' id='word_1_287' title='bbox 321 3160 353 3168; x_wconf 91' lang='lat'><em>-</em></span> <span class='ocrx_word' id='word_1_288' title='bbox 377 3145 485 3198; x_wconf 87' lang='lat' dir='ltr'>neque</span> <span class='ocrx_word' id='word_1_289' title='bbox 511 3131 723 3186; x_wconf 88' lang='lat' dir='ltr'>nostrorum:</span> <span class='ocrx_word' id='word_1_290' title='bbox 777 3146 833 3183; x_wconf 87' lang='lat' dir='ltr'>von</span> <span class='ocrx_word' id='word_1_291' title='bbox 847 3128 958 3183; x_wconf 87' lang='lat' dir='ltr'>obsides</span> <span class='ocrx_word' id='word_1_292' title='bbox 973 3159 1007 3168; x_wconf 84' lang='lat'><em>-</em></span> <span class='ocrx_word' id='word_1_293' title='bbox 1022 3130 1195 3198; x_wconf 80' lang='lat' dir='ltr'>deposuerat.</span> <span class='ocrx_word' id='word_1_294' title='bbox 1213 3160 1246 3168; x_wconf 95' lang='lat'>—</span> <span class='ocrx_word' id='word_1_295' title='bbox 1262 3147 1342 3200; x_wconf 87' lang='lat' dir='ltr'>sup-</span> 
     </span>
     <span class='ocr_line' id='line_1_34' title="bbox 162 3199 1340 3270; baseline 0.003 -19"><span class='ocrx_word' id='word_1_296' title='bbox 162 3199 232 3252; x_wconf 79' lang='grc'>5555</span> <span class='ocrx_word' id='word_1_297' title='bbox 250 3216 340 3267; x_wconf 89' lang='lat' dir='ltr'>neque</span> <span class='ocrx_word' id='word_1_298' title='bbox 359 3218 380 3253; x_wconf 95' lang='lat' dir='ltr'>s.</span> <span class='ocrx_word' id='word_1_299' title='bbox 401 3207 425 3268; x_wconf 92' lang='lat'>1,</span> <span class='ocrx_word' id='word_1_300' title='bbox 445 3206 478 3254; x_wconf 78' lang='lat'>47</span> <span class='ocrx_word' id='word_1_301' title='bbox 498 3219 533 3254; x_wconf 84' lang='lat' dir='ltr'>au</span> <span class='ocrx_word' id='word_1_302' title='bbox 550 3216 643 3268; x_wconf 87' lang='lat' dir='ltr'>neque</span> <span class='ocrx_word' id='word_1_303' title='bbox 661 3218 723 3270; x_wconf 88' lang='lat' dir='ltr'>per·</span> <span class='ocrx_word' id='word_1_304' title='bbox 777 3200 898 3270; x_wconf 90' lang='lat' dir='ltr'>plicio:</span> <span class='ocrx_word' id='word_1_305' title='bbox 922 3200 976 3253; x_wconf 89' lang='lat' dir='ltr'>den</span> <span class='ocrx_word' id='word_1_306' title='bbox 999 3199 1193 3269; x_wconf 82' lang='lat' dir='ltr'>angedrohten</span> <span class='ocrx_word' id='word_1_307' title='bbox 1217 3200 1286 3254; x_wconf 77' lang='lat' dir='ltr'>Tod.</span> <span class='ocrx_word' id='word_1_308' title='bbox 1307 3232 1340 3241; x_wconf 92' lang='lat'>-</span> 
     </span>
     <span class='ocr_line' id='line_1_35' title="bbox 163 3268 1340 3339; baseline 0.003 -18"><span class='ocrx_word' id='word_1_309' title='bbox 163 3268 261 3322; x_wconf 88' lang='lat' dir='ltr'>fectae.</span> <span class='ocrx_word' id='word_1_310' title='bbox 282 3300 315 3309; x_wconf 93' lang='lat'><em>-</em></span> <span class='ocrx_word' id='word_1_311' title='bbox 335 3277 360 3324; x_wconf 86' lang='lat'>9.</span> <span class='ocrx_word' id='word_1_312' title='bbox 380 3287 464 3339; x_wconf 89' lang='lat' dir='ltr'>quos</span> <span class='ocrx_word' id='word_1_313' title='bbox 483 3288 560 3326; x_wconf 89' lang='lat' dir='ltr'>non:</span> <span class='ocrx_word' id='word_1_314' title='bbox 579 3271 661 3325; x_wconf 91' lang='lat' dir='ltr'>achte</span> <span class='ocrx_word' id='word_1_315' title='bbox 675 3271 727 3325; x_wconf 87' lang='lat' dir='ltr'>auf</span> <span class='ocrx_word' id='word_1_316' title='bbox 777 3270 998 3325; x_wconf 79' lang='lat' dir='ltr'>dubitantes</span> <span class='ocrx_word' id='word_1_317' title='bbox 1023 3270 1340 3326; x_wconf 83' lang='lat' dir='ltr'>steht-substantivisch</span> 
     </span>
     <span class='ocr_line' id='line_1_36' title="bbox 164 3338 1340 3412; baseline 0.004 -21"><span class='ocrx_word' id='word_1_318' title='bbox 164 3339 209 3392; x_wconf 91' lang='lat' dir='ltr'>die</span> <span class='ocrx_word' id='word_1_319' title='bbox 228 3338 358 3408; x_wconf 85' lang='lat' dir='ltr'>Stellung</span> <span class='ocrx_word' id='word_1_320' title='bbox 381 3357 436 3394; x_wconf 87' lang='lat' dir='ltr'>von</span> <span class='ocrx_word' id='word_1_321' title='bbox 460 3359 528 3409; x_wconf 83' lang='lat' dir='ltr'>non3</span> <span class='ocrx_word' id='word_1_322' title='bbox 550 3343 722 3398; x_wconf 72' lang='grc'>515555551-</span> <span class='ocrx_word' id='word_1_323' title='bbox 776 3341 830 3395; x_wconf 91' lang='lat' dir='ltr'>wie</span> <span class='ocrx_word' id='word_1_324' title='bbox 850 3348 874 3408; x_wconf 78' lang='grc'>7,</span> <span class='ocrx_word' id='word_1_325' title='bbox 893 3347 918 3394; x_wconf 88' lang='grc'>4.</span> <span class='ocrx_word' id='word_1_326' title='bbox 943 3372 977 3379; x_wconf 90' lang='lat'>-</span> <span class='ocrx_word' id='word_1_327' title='bbox 1000 3341 1181 3395; x_wconf 82' lang='lat' dir='ltr'>territant:</span> <span class='ocrx_word' id='word_1_328' title='bbox 1205 3342 1293 3412; x_wconf 85' lang='lat' dir='ltr'>vergl.</span> <span class='ocrx_word' id='word_1_329' title='bbox 1314 3349 1340 3411; x_wconf 87' lang='lat'>3,</span> 
     </span>
     <span class='ocr_line' id='line_1_37' title="bbox 164 3409 1341 3481; baseline 0.004 -19"><span class='ocrx_word' id='word_1_330' title='bbox 164 3409 257 3463; x_wconf 87' lang='lat' dir='ltr'>weder</span> <span class='ocrx_word' id='word_1_331' title='bbox 273 3410 415 3478; x_wconf 79' lang='lat' dir='ltr'>wdrtlich,</span> <span class='ocrx_word' id='word_1_332' title='bbox 440 3411 507 3466; x_wconf 88' lang='lat' dir='ltr'>oder</span> <span class='ocrx_word' id='word_1_333' title='bbox 530 3413 625 3468; x_wconf 80' lang='lat' dir='ltr'>basset</span> <span class='ocrx_word' id='word_1_334' title='bbox 648 3413 724 3481; x_wconf 89' lang='lat' dir='ltr'>„mit</span> <span class='ocrx_word' id='word_1_335' title='bbox 778 3419 823 3478; x_wconf 82' lang='lat'>12,</span> <span class='ocrx_word' id='word_1_336' title='bbox 849 3418 862 3465; x_wconf 93' lang='lat'>1</span> <span class='ocrx_word' id='word_1_337' title='bbox 886 3430 919 3464; x_wconf 85' lang='lat' dir='ltr'>zu</span> <span class='ocrx_word' id='word_1_338' title='bbox 941 3411 1151 3466; x_wconf 83' lang='lat' dir='ltr'>afflictarentur.</span> <span class='ocrx_word' id='word_1_339' title='bbox 1178 3443 1212 3452; x_wconf 90' lang='lat'><em>-</em></span> <span class='ocrx_word' id='word_1_340' title='bbox 1242 3418 1268 3468; x_wconf 81' lang='lat'>4.</span> <span class='ocrx_word' id='word_1_341' title='bbox 1287 3430 1341 3467; x_wconf 88' lang='lat' dir='ltr'>ra·</span> 
     </span>
     <span class='ocr_line' id='line_1_38' title="bbox 162 3480 1342 3552; baseline 0.003 -19"><span class='ocrx_word' id='word_1_342' title='bbox 162 3480 324 3534; x_wconf 89' lang='lat' dir='ltr'>Ausnahme</span> <span class='ocrx_word' id='word_1_343' title='bbox 343 3481 435 3548; x_wconf 77' lang='grc'>55555,</span> <span class='ocrx_word' id='word_1_344' title='bbox 459 3483 565 3538; x_wconf 83' lang='lat' dir='ltr'>welche</span> <span class='ocrx_word' id='word_1_345' title='bbox 583 3502 609 3538; x_wconf 92' lang='lat' dir='ltr'>u.</span> <span class='ocrx_word' id='word_1_346' title='bbox 630 3501 651 3540; x_wconf 87' lang='lat' dir='ltr'>s.</span> <span class='ocrx_word' id='word_1_347' title='bbox 671 3487 722 3537; x_wconf 86' lang='lat' dir='ltr'>w.“</span> <span class='ocrx_word' id='word_1_348' title='bbox 777 3482 889 3537; x_wconf 86' lang='lat' dir='ltr'>tiones</span> <span class='ocrx_word' id='word_1_349' title='bbox 911 3482 998 3536; x_wconf 90' lang='lat' dir='ltr'>belli</span> <span class='ocrx_word' id='word_1_350' title='bbox 1020 3481 1167 3552; x_wconf 84' lang='lat' dir='ltr'>gerendi</span> <span class='ocrx_word' id='word_1_351' title='bbox 1192 3499 1342 3537; x_wconf 88' lang='lat' dir='ltr'>commu·</span> 
     </span>
     <span class='ocr_line' id='line_1_39' title="bbox 163 3553 1342 3622; baseline 0.003 -18"><span class='ocrx_word' id='word_1_352' title='bbox 163 3582 197 3591; x_wconf 90' lang='lat'>—</span> <span class='ocrx_word' id='word_1_353' title='bbox 227 3557 267 3604; x_wconf 91' lang='lat'>10.</span> <span class='ocrx_word' id='word_1_354' title='bbox 296 3553 470 3620; x_wconf 86' lang='lat' dir='ltr'>pervenit:</span> <span class='ocrx_word' id='word_1_355' title='bbox 504 3555 574 3622; x_wconf 87' lang='lat' dir='ltr'>„der</span> <span class='ocrx_word' id='word_1_356' title='bbox 599 3554 723 3608; x_wconf 89' lang='lat' dir='ltr'>Vereini-</span> <span class='ocrx_word' id='word_1_357' title='bbox 777 3554 882 3608; x_wconf 86' lang='lat' dir='ltr'>nicet:</span> <span class='ocrx_word' id='word_1_358' title='bbox 905 3553 1029 3608; x_wconf 73' lang='lat' dir='ltr'>nbmlich</span> <span class='ocrx_word' id='word_1_359' title='bbox 1053 3569 1163 3620; x_wconf 87' lang='lat' dir='ltr'>secum,</span> <span class='ocrx_word' id='word_1_360' title='bbox 1187 3571 1244 3608; x_wconf 87' lang='lat' dir='ltr'>was</span> <span class='ocrx_word' id='word_1_361' title='bbox 1268 3555 1342 3608; x_wconf 89' lang='lat' dir='ltr'>nach</span> 
     </span>
     <span class='ocr_line' id='line_1_40' title="bbox 162 3622 1340 3695; baseline 0.003 -20"><span class='ocrx_word' id='word_1_362' title='bbox 162 3622 346 3692; x_wconf 84' lang='lat' dir='ltr'>gungspunkt</span> <span class='ocrx_word' id='word_1_363' title='bbox 369 3623 417 3677; x_wconf 90' lang='grc'>555</span> <span class='ocrx_word' id='word_1_364' title='bbox 441 3624 526 3679; x_wconf 79' lang='grc'>(15555</span> <span class='ocrx_word' id='word_1_365' title='bbox 549 3625 608 3680; x_wconf 89' lang='grc'>555</span> <span class='ocrx_word' id='word_1_366' title='bbox 625 3625 724 3680; x_wconf 89' lang='lat' dir='ltr'>Labie·</span> <span class='ocrx_word' id='word_1_367' title='bbox 777 3623 1123 3695; x_wconf 81' lang='lat' dir='ltr'>vorausgegangenemad</span> <span class='ocrx_word' id='word_1_368' title='bbox 1139 3641 1169 3678; x_wconf 91' lang='lat' dir='ltr'>se</span> <span class='ocrx_word' id='word_1_369' title='bbox 1178 3624 1267 3679; x_wconf 88' lang='lat' dir='ltr'>leicht</span> <span class='ocrx_word' id='word_1_370' title='bbox 1280 3624 1340 3680; x_wconf 85' lang='lat' dir='ltr'>feh-</span> 
     </span>
     <span class='ocr_line' id='line_1_41' title="bbox 162 3693 1340 3751; baseline 0.004 -5"><span class='ocrx_word' id='word_1_371' title='bbox 162 3711 214 3747; x_wconf 91' lang='lat' dir='ltr'>nus</span> <span class='ocrx_word' id='word_1_372' title='bbox 232 3693 270 3747; x_wconf 87' lang='lat' dir='ltr'>ist</span> <span class='ocrx_word' id='word_1_373' title='bbox 293 3693 430 3748; x_wconf 83' lang='lat' dir='ltr'>awischen</span> <span class='ocrx_word' id='word_1_374' title='bbox 450 3694 518 3750; x_wconf 83' lang='lat' dir='ltr'>Sene</span> <span class='ocrx_word' id='word_1_375' title='bbox 540 3697 597 3751; x_wconf 89' lang='grc'>555</span> <span class='ocrx_word' id='word_1_376' title='bbox 616 3696 723 3751; x_wconf 85' lang='lat' dir='ltr'>Nevers</span> <span class='ocrx_word' id='word_1_377' title='bbox 777 3696 823 3751; x_wconf 89' lang='grc'>155</span> <span class='ocrx_word' id='word_1_378' title='bbox 845 3696 965 3750; x_wconf 88' lang='lat' dir='ltr'>konnte:</span> <span class='ocrx_word' id='word_1_379' title='bbox 990 3695 1044 3748; x_wconf 90' lang='lat' dir='ltr'>mit</span> <span class='ocrx_word' id='word_1_380' title='bbox 1067 3695 1155 3749; x_wconf 89' lang='lat' dir='ltr'>ihnen</span> <span class='ocrx_word' id='word_1_381' title='bbox 1179 3693 1226 3750; x_wconf 88' lang='lat' dir='ltr'>die</span> <span class='ocrx_word' id='word_1_382' title='bbox 1251 3695 1340 3751; x_wconf 85' lang='lat' dir='ltr'>Mass·</span> 
     </span>
     <span class='ocr_line' id='line_1_42' title="bbox 163 3764 1340 3836; baseline 0.002 -18"><span class='ocrx_word' id='word_1_383' title='bbox 163 3783 198 3818; x_wconf 85' lang='lat' dir='ltr'>zu</span> <span class='ocrx_word' id='word_1_384' title='bbox 224 3765 360 3819; x_wconf 86' lang='lat' dir='ltr'>suchen“.</span> <span class='ocrx_word' id='word_1_385' title='bbox 402 3765 484 3820; x_wconf 87' lang='lat' dir='ltr'>Nach</span> <span class='ocrx_word' id='word_1_386' title='bbox 508 3768 573 3821; x_wconf 88' lang='lat' dir='ltr'>inde</span> <span class='ocrx_word' id='word_1_387' title='bbox 598 3768 649 3821; x_wconf 85' lang='lat' dir='ltr'>hat</span> <span class='ocrx_word' id='word_1_388' title='bbox 678 3767 723 3821; x_wconf 87' lang='lat' dir='ltr'>die</span> <span class='ocrx_word' id='word_1_389' title='bbox 777 3767 875 3836; x_wconf 87' lang='lat' dir='ltr'>regeln</span> <span class='ocrx_word' id='word_1_390' title='bbox 892 3785 926 3819; x_wconf 85' lang='lat' dir='ltr'>zu</span> <span class='ocrx_word' id='word_1_391' title='bbox 939 3766 1085 3835; x_wconf 88' lang='lat' dir='ltr'>berathen,</span> <span class='ocrx_word' id='word_1_392' title='bbox 1103 3765 1210 3820; x_wconf 86' lang='lat' dir='ltr'>welche</span> <span class='ocrx_word' id='word_1_393' title='bbox 1229 3764 1340 3820; x_wconf 84' lang='grc'>155515</span> 
     </span>
     <span class='ocr_line' id='line_1_43' title="bbox 162 3835 1341 3908; baseline 0.002 -20"><span class='ocrx_word' id='word_1_394' title='bbox 162 3835 207 3890; x_wconf 90' lang='lat' dir='ltr'>W.</span> <span class='ocrx_word' id='word_1_395' title='bbox 226 3837 259 3890; x_wconf 91' lang='lat' dir='ltr'>A.</span> <span class='ocrx_word' id='word_1_396' title='bbox 279 3835 324 3890; x_wconf 89' lang='lat' dir='ltr'>die</span> <span class='ocrx_word' id='word_1_397' title='bbox 343 3837 434 3892; x_wconf 89' lang='lat' dir='ltr'>tertio.</span> <span class='ocrx_word' id='word_1_398' title='bbox 776 3837 910 3908; x_wconf 76' lang='lat' dir='ltr'>Ffihrung</span> <span class='ocrx_word' id='word_1_399' title='bbox 933 3837 982 3890; x_wconf 89' lang='lat' dir='ltr'>des</span> <span class='ocrx_word' id='word_1_400' title='bbox 1001 3836 1120 3907; x_wconf 86' lang='lat' dir='ltr'>Krieges</span> <span class='ocrx_word' id='word_1_401' title='bbox 1143 3854 1178 3890; x_wconf 83' lang='grc'>55</span> <span class='ocrx_word' id='word_1_402' title='bbox 1201 3837 1341 3907; x_wconf 85' lang='lat' dir='ltr'>ergreifen</span> 
     </span>
     <span class='ocr_line' id='line_1_44' title="bbox 776 3906 1341 3991; baseline 0 -29"><span class='ocrx_word' id='word_1_403' title='bbox 776 3913 877 3963; x_wconf 75' lang='lat' dir='ltr'>wbren.</span> <span class='ocrx_word' id='word_1_404' title='bbox 888 3939 923 3948; x_wconf 89' lang='lat'>-</span> <span class='ocrx_word' id='word_1_405' title='bbox 939 3913 963 3991; x_wconf 90' lang='grc'>5.</span> <span class='ocrx_word' id='word_1_406' title='bbox 978 3924 1013 3963; x_wconf 89' lang='grc'>55</span> <span class='ocrx_word' id='word_1_407' title='bbox 1029 3938 1061 3948; x_wconf 93' lang='grc'>-</span> <span class='ocrx_word' id='word_1_408' title='bbox 1077 3906 1236 3989; x_wconf 80' lang='lat' dir='ltr'>deducta:</span> <span class='ocrx_word' id='word_1_409' title='bbox 1251 3909 1341 3962; x_wconf 85' lang='grc'>55515</span> 
     </span>
     <span class='ocr_line' id='line_1_45' title="bbox 189 3977 1340 4104; baseline 0.007 -22"><span class='ocrx_word' id='word_1_410' title='bbox 189 4029 234 4084; x_wconf 81' lang='lat' dir='ltr'>vr.</span> <span class='ocrx_word' id='word_1_411' title='bbox 263 3994 695 4087; x_wconf 67' lang='grc'>5555555555555551</span> <span class='ocrx_word' id='word_1_412' title='bbox 775 3978 1168 4104; x_wconf 54' lang='lat' dir='ltr'>ssffissr⁰ssffiss¹³ffiduffi</span> <span class='ocrx_word' id='word_1_413' title='bbox 1182 3977 1340 4104; x_wconf 43' lang='lat' dir='ltr'>&amp;pipam</span> 
     </span>
     <span class='ocr_line' id='line_1_46' title="bbox 391 4119 1338 4189; baseline 0.001 -16"><span class='ocrx_word' id='word_1_414' title='bbox 391 4119 493 4174; x_wconf 86' lang='lat' dir='ltr'>Seiten.</span> <span class='ocrx_word' id='word_1_415' title='bbox 777 4127 801 4174; x_wconf 86' lang='lat'>6.</span> <span class='ocrx_word' id='word_1_416' title='bbox 822 4119 863 4174; x_wconf 90' lang='lat' dir='ltr'>ad</span> <span class='ocrx_word' id='word_1_417' title='bbox 886 4138 985 4174; x_wconf 88' lang='lat' dir='ltr'>unum</span> <span class='ocrx_word' id='word_1_418' title='bbox 1009 4136 1134 4175; x_wconf 87' lang='lat' dir='ltr'>omnes:</span> <span class='ocrx_word' id='word_1_419' title='bbox 1154 4136 1176 4172; x_wconf 90' lang='lat' dir='ltr'>s.</span> <span class='ocrx_word' id='word_1_420' title='bbox 1195 4127 1225 4188; x_wconf 84' lang='lat'>4,</span> <span class='ocrx_word' id='word_1_421' title='bbox 1247 4126 1294 4189; x_wconf 87' lang='grc'>15,</span> <span class='ocrx_word' id='word_1_422' title='bbox 1314 4126 1338 4175; x_wconf 87' lang='grc'>3,</span> 
     </span>
     <span class='ocr_line' id='line_1_47' title="bbox 570 4190 1339 4343; baseline 0.003 -28"><span class='ocrx_word' id='word_1_423' title='bbox 570 4335 574 4343; x_wconf 79' lang='lat'>.</span> <span class='ocrx_word' id='word_1_424' title='bbox 775 4190 988 4317; x_wconf 61' lang='grc'>(1511111</span> <span class='ocrx_word' id='word_1_425' title='bbox 1009 4196 1199 4342; x_wconf 52' lang='lat' dir='ltr'>{siffis</span> <span class='ocrx_word' id='word_1_426' title='bbox 1203 4197 1339 4342; x_wconf 60' lang='grc'>151111,</span> 
     </span>
     <span class='ocr_line' id='line_1_48' title="bbox 198 4327 1339 4403; baseline 0.005 -21"><span class='ocrx_word' id='word_1_427' title='bbox 198 4327 264 4398; x_wconf 85' lang='lat' dir='ltr'>Cap.</span> <span class='ocrx_word' id='word_1_428' title='bbox 285 4337 327 4384; x_wconf 84' lang='lat'>63.</span> <span class='ocrx_word' id='word_1_429' title='bbox 362 4337 385 4383; x_wconf 92' lang='lat'>1.</span> <span class='ocrx_word' id='word_1_430' title='bbox 410 4333 569 4402; x_wconf 81' lang='lat' dir='ltr'>augetur:</span> <span class='ocrx_word' id='word_1_431' title='bbox 596 4335 722 4403; x_wconf 86' lang='lat' dir='ltr'>gewinnt</span> <span class='ocrx_word' id='word_1_432' title='bbox 776 4332 835 4386; x_wconf 85' lang='lat' dir='ltr'>also</span> <span class='ocrx_word' id='word_1_433' title='bbox 859 4332 949 4385; x_wconf 86' lang='lat' dir='ltr'>wofiir</span> <span class='ocrx_word' id='word_1_434' title='bbox 972 4332 1018 4387; x_wconf 88' lang='lat' dir='ltr'>ein</span> <span class='ocrx_word' id='word_1_435' title='bbox 1040 4332 1180 4402; x_wconf 83' lang='lat' dir='ltr'>Be1spiel?</span> <span class='ocrx_word' id='word_1_436' title='bbox 1217 4331 1272 4386; x_wconf 83' lang='lat' dir='ltr'>Em</span> <span class='ocrx_word' id='word_1_437' title='bbox 1290 4349 1339 4388; x_wconf 89' lang='lat' dir='ltr'>an·</span> 
     </span>
     <span class='ocr_line' id='line_1_49' title="bbox 160 4400 1340 4471; baseline 0.008 -21"><span class='ocrx_word' id='word_1_438' title='bbox 160 4414 198 4451; x_wconf 86' lang='lat' dir='ltr'>an</span> <span class='ocrx_word' id='word_1_439' title='bbox 223 4400 421 4471; x_wconf 85' lang='lat' dir='ltr'>Ausdehnung.</span> <span class='ocrx_word' id='word_1_440' title='bbox 447 4434 481 4443; x_wconf 93' lang='lat'>-</span> <span class='ocrx_word' id='word_1_441' title='bbox 511 4402 728 4458; x_wconf 72' lang='lat' dir='ltr'>circummit-&#39;</span> <span class='ocrx_word' id='word_1_442' title='bbox 775 4403 855 4458; x_wconf 89' lang='lat' dir='ltr'>deres</span> <span class='ocrx_word' id='word_1_443' title='bbox 882 4403 960 4457; x_wconf 88' lang='lat' dir='ltr'>steht</span> <span class='ocrx_word' id='word_1_444' title='bbox 983 4410 1012 4469; x_wconf 92' lang='lat'>1,</span> <span class='ocrx_word' id='word_1_445' title='bbox 1035 4410 1070 4457; x_wconf 84' lang='lat'>40</span> <span class='ocrx_word' id='word_1_446' title='bbox 1097 4402 1127 4457; x_wconf 90' lang='lat' dir='ltr'>in</span> <span class='ocrx_word' id='word_1_447' title='bbox 1153 4403 1217 4458; x_wconf 89' lang='lat' dir='ltr'>dem</span> <span class='ocrx_word' id='word_1_448' title='bbox 1240 4403 1340 4459; x_wconf 82' lang='lat' dir='ltr'>Worte</span> 
     </span>
    </p>
   </div>
   <div class='ocr_carea' id='block_1_5' title="bbox 349 4224 534 4295">
    <p class='ocr_par' dir='ltr' id='par_1_11' title="bbox 349 4224 534 4295">
     <span class='ocr_line' id='line_1_50' title="bbox 349 4224 534 4295; baseline 0 -15"><span class='ocrx_word' id='word_1_449' title='bbox 349 4224 389 4294; x_wconf 82' lang='lat' dir='ltr'>(c.</span> <span class='ocrx_word' id='word_1_450' title='bbox 409 4229 534 4295; x_wconf 81' lang='grc'>55-55.)</span> 
     </span>
    </p>
   </div>
   <div class='ocr_carea' id='block_1_6' title="bbox 0 0 1406 4778">
    <p class='ocr_par' dir='ltr' id='par_1_12' title="bbox 0 0 1406 4778">
     <span class='ocr_line' id='line_1_51' title="bbox 0 0 1406 4778; baseline 0 1"><span class='ocrx_word' id='word_1_451' title='bbox 0 0 1406 4778; x_wconf 95' lang='lat' dir='ltr'> </span> 
     </span>
    </p>
   </div>
  </div>
 </body>
</html>
