2804 4778
63 237 68 250 ¹
156 223 203 288 26
563 225 611 279 DE
630 224 748 280 BELLO
767 223 925 280 Gannico

127 403 143 452 ι
163 395 251 452 ravit:
269 391 408 452 reductos
426 393 457 452 in
476 392 606 452 hostium
624 410 750 452 numero
768 390 884 471 habuit3
903 390 1033 470 reliquos
1048 411 1151 454 omnes
1167 392 1331 474 obsidibus,

125 483 259 562 tarmis,
282 482 414 560 perfugis
437 479 552 541 traditis
575 482 606 540 in
630 479 809 541 deditionem
833 482 955 559 accepit.
996 481 1154 563 Helvetios,
1178 482 1330 562 Tulingos,

161 569 313 630 batoricos
335 572 366 630 in
390 570 464 629 lines
483 587 563 650 suos,
586 568 665 629 unde
689 577 774 629 erant
796 570 932 649 profecti,
955 574 1063 630 reverti
1086 573 1174 632 iussit
1191 581 1230 652 et,
1250 570 1329 650 quod

161 658 297 719 omnihus
321 657 468 719 fructibus
492 659 607 718 amissis
636 655 715 718 domi
743 657 815 717 nthl
840 665 915 733 erat,
944 676 1002 736 quo
1029 660 1136 720 famem
1158 660 1330 741 tolerarent,

161 746 368 826 Allobrogibus
386 749 550 826 imperavit,
564 754 597 806 ut
615 748 652 806 iis
666 747 808 806 frumenti
826 749 940 825 copiam
960 747 1104 810 lacerent:
1122 751 1203 829 ipsos
1221 745 1330 829 oppida

124 840 309 916 sulcosque,
333 855 407 914 quos
426 835 628 915 incenderant,
647 837 806 895 restituere
825 837 920 896 iussit.
961 834 993 895 ld
1014 855 1047 897 ea
1070 839 1194 898 maxime
1213 841 1329 898 ratione

160 928 244 1005 lecit,
268 924 346 1003 quod
370 924 467 984 noluit
489 942 557 984 eum
585 924 697 1003 locum,
725 923 804 984 unde
827 923 953 997 Helvetii
976 922 1187 1008 discesserant,
1215 945 1329 1000 vacare,

162 1034 198 1075 ne
221 1021 344 1093 propter
371 1011 533 1073 bonitatem
560 1030 699 1091 agrorum
721 1011 872 1093 Germani,
901 1015 952 1092 qui
978 1022 1061 1075 trans
1083 1014 1220 1076 Rhenum
1247 1018 1329 1075 inco·

159 1104 237 1182 lunt,
272 1121 287 1161 e
319 1103 382 1161 suis
413 1100 522 1161 tinibus
554 1103 584 1160 in
616 1100 818 1161 Helvetiorum
850 1102 924 1162 lines
957 1106 1119 1164 transirent
1151 1113 1181 1165 et
1212 1105 1330 1165 finitimi

124 1201 140 1251 5
160 1191 270 1253 Galliae
288 1192 456 1269 provinciae
475 1188 740 1269 Allobrogibusque
760 1199 868 1250 essent.
909 1189 997 1251 Roios
1019 1192 1189 1272 petentibus
1210 1185 1328 1269 heduis,

161 1278 240 1360 quod
264 1281 382 1358 egregia
404 1281 512 1339 virtute
542 1288 627 1339 erant
654 1280 777 1359 cogniti,
805 1287 838 1339 ut
864 1281 895 1338 iu
920 1279 1027 1340 finibus
1055 1283 1117 1341 suis
1140 1279 1330 1363 collocarent,

160 1369 320 1448 concessit;
344 1366 453 1446 quibus
473 1367 515 1427 illi
536 1386 622 1447 agros
641 1366 939 1446 dederunt'quosque
962 1377 1065 1448 postea
1083 1371 1234 1449 inparem
1253 1372 1329 1432 iuris

159 1457 364 1535 libertatisque
388 1456 600 1536 condicionem,
624 1448 712 1535 atqu'e
735 1457 794 1534 ipsi
817 1464 909 1536 erant,
932 1466 1118 1536 receperunt

248 1542 299 1606 29.
318 1545 351 1604 ln
370 1548 475 1605 castris
489 1544 691 1606 Helvetiorum
706 1543 823 1604 tabulae
841 1553 977 1623 repertae
998 1555 1067 1606 sunt
1085 1546 1192 1608 litteris
1206 1546 1328 1609 Graecis

159 1636 310 1695 confectae
330 1642 361 1694 et
383 1633 418 1694 ad
438 1633 593 1694 Caesarem
616 1633 734 1714 relatae,
753 1632 861 1712 quihus
880 1635 910 1692 in
934 1633 1042 1695 tabubs
1061 1637 1232 1696 nominatim
1252 1640 1328 1698 ratio

160 1724 293 1783 conlecta
317 1731 394 1803 erat,
423 1725 475 1802 qui
501 1741 644 1783 numerus
668 1722 754 1782 domo
779 1724 888 1783 exisset
915 1740 1032 1805 eorum,
1060 1726 1111 1802 qui
1139 1742 1219 1784 arma
1247 1726 1328 1787 serre

124 1823 294 1892 tpossent,
326 1820 356 1872 et
387 1814 458 1873 item
496 1813 654 1890 separatim
690 1812 789 1890 pueri,
822 1829 909 1871 senes
941 1811 1148 1891 mulieresque.
1195 1813 1329 1884 Quarum

158 1903 292 1962 omnium
319 1919 421 1961 rerum
450 1918 563 1960 summa
591 1908 655 1959 erat
683 1901 812 1980 capitum
840 1898 1042 1961 Helvetiorum
1072 1900 1151 1962 milia
1179 1901 1329 1983 CCLXlll,

157 2125 263 2194 fortigt.
278 2156 311 2165 -
332 2131 357 2179 2.
376 2125 412 2179 in
430 2124 642 2207 deditionem
661 2140 715 2178 ac·
769 2123 870 2206 finibus
888 2154 921 2162 —
945 2123 1116 2207 colloeerent
1130 2124 1329 2197 (Wohnungen

157 2195 716 2322 tttttntltemittitis
768 2195 1109 2343 attestatum
1122 2199 1329 2324 ttulit

157 2339 230 2393 bus:
245 2337 352 2396 fructus
363 2338 414 2392 het
423 2336 505 2391 einen
514 2337 716 2407 allgemeinern
768 2336 822 2390 mit
862 2352 934 2390 wem
974 2336 1051 2391 steht
1086 2353 1116 2392 es
1142 2337 1183 2392 im
1219 2338 1329 2411 (legen-

158 2409 227 2463 Sinn
240 2407 282 2462 als
300 2408 394 2476 fruges
413 2407 470 2461 und
488 2408 564 2462 kann
578 2407 715 2462 demnach
769 2409 846 2461 setz?
872 2438 905 2446 —
932 2407 1087 2477 egregia
1116 2408 1259 2466 virtute
1289 2411 1330 2466 ist

158 2480 230 2534 auch
243 2478 465 2533 Feldfriichte
483 2477 630 2534 hedenten.
662 2477 714 2532 Die
768 2477 832 2532 Abl.
851 2477 877 2531 d.
894 2476 1087 2547 Eigenschnft,
1106 2480 1167 2534 libs.
1186 2480 1236 2534 ihn
1254 2482 1329 2536 nach

157 2550 202 2604 W.
221 2550 324 2607 nbat
341 2549 475 2619 frugibus.
494 2580 528 2588 —
551 2547 645 2603 iis-
665 2549 714 2603 fe·
769 2564 792 2603 c.
812 2554 845 2602 18
870 2567 903 2602 zu
925 2566 1033 2604 summu
1050 2550 1175 2606 audacia.
1194 2583 1228 2591 -
1252 2552 1329 2622 qui·

158 2623 291 2676 cenent:
319 2619 404 2675 elicui
427 2636 486 2688 cop.
509 2619 590 2674 frum.
614 2620 714 2688 fecere,
768 2619 842 2673 hus:
861 2619 920 2674 und
938 2635 968 2674 so
987 2620 1078 2689 geben
1092 2621 1158 2691 jene
1172 2622 1277 2678 diesen.
1292 2655 1329 2664 -

157 2690 419 2761 einenhinlenglich
427 2690 714 2746 mitGetreideunter·
769 2707 852 2759 quos
881 2707 933 2745 ue:
952 2690 1010 2745 und
1026 2692 1148 2747 nahmen
1162 2692 1202 2748 sie
1215 2693 1245 2748 in
1264 2693 1328 2750 dss-

157 2766 272 2818 sttttzen.
292 2794 324 2802 -
349 2762 475 2832 oppida
497 2761 658 2832 vicosque
676 2763 715 2817 ist
768 2760 844 2816 solbe
906 2760 978 2816 chts·
995 2761 1053 2816 und
1065 2762 1329 2821 Freiheitsvorhtlt-

158 2853 179 2891 c.
204 2841 220 2888 5
244 2834 359 2889 erklert.
386 2865 419 2874 -
444 2833 561 2889 iussit:
586 2852 635 2888 nm
660 2833 715 2888 mit
768 2830 824 2887 niss
843 2832 898 2887 auf.
934 2833 1056 2888 Beachte
1077 2837 1162 2904 atque
1180 2835 1253 2889 nach
1275 2853 1328 2907 pn-

157 2906 205 2961 der
227 2907 436 2974 Uebersetnung
465 2922 520 2961 von
544 2905 640 2961 iubere
666 2905 714 2960 ab·
768 2919 836 2958 rem.

156 2977 342 3044 auwechseln,
369 2975 445 3030 kann
472 2993 538 3030 man
565 2993 594 3031 es
626 2974 714 3030 durch
1242 3003 1245 3015 ι

156 3049 302 3118 „mfissen“
325 3046 527 3116 wiedergeben.
550 3077 585 3086 —
608 3053 634 3101 4.
656 3064 713 3101 vu·
804 3043 871 3114 Cep.
891 3052 933 3100 29.
954 3051 979 3100 1.
997 3046 1155 3101 tabulae:
1174 3047 1327 3102 hinton.—

156 3130 246 3174 ca'rez
281 3117 335 3172 frei
361 3117 422 3172 sein
448 3134 504 3172 von
531 3117 715 3171 enbeuenden
767 3114 900 3171 litteris
933 3115 1083 3172 Graecis:
1124 3117 1178 3172 mit
1208 3118 1328 3188 griechi-

155 3189 339 3244 Bewohnern.
375 3187 439 3258 Vgl.
464 3194 493 3254 4,
518 3193 533 3241 3
562 3187 714 3242 maximnm
767 3186 851 3240 schen
878 3187 1064 3243 Buchsteben.
1088 3220 1121 3228 -
1151 3193 1184 3244 et
1210 3206 1261 3245 vor
1289 3192 1328 3247 aa

156 3260 259 3330 putent
273 3274 331 3314 esse
344 3257 457 3313 laudem
476 3275 560 3327 quem
578 3258 713 3313 letissime
768 3254 914 3312 Caesarem
941 3258 1087 3314 verbindet
1114 3261 1240 3329 repertae
1268 3263 1328 3318 und

157 3347 174 3385 a
193 3330 249 3384 suis
271 3329 373 3384 finibus
391 3345 491 3384 vacare
509 3345 599 3398 agros.
623 3359 657 3368 -
679 3329 714 3383 in
767 3327 880 3383 relatae.
904 3359 939 3368 —
962 3329 1105 3384 tubulis:
1132 3330 1177 3384 ftir
1199 3331 1328 3388 welchen

155 3399 393 3456 Helvetiorum
415 3399 517 3454 fines:
540 3416 596 3455 von
620 3399 714 3459 diesen
769 3397 1121 3468 spraehgebrauehcesars
1130 3402 1175 3456 ein
1184 3402 1327 3471 Beispiel?

156 3469 551 3526 Wortenlmnneinsfehlen.
570 3470 712 3542 Vgl.c.21
767 3500 802 3508 —-
830 3469 919 3525 ratio
948 3471 1117 3526 confecta:
1150 3489 1207 3527 war
1231 3491 1327 3543 geneu

156 3561 190 3598 ιιι
220 3542 249 3595 in
274 3541 311 3595 M.
338 3541 439 3598 Crassi.
466 3573 502 3582 —
531 3541 589 3610 qui
616 3544 713 3597 trous
767 3540 1328 3611 herechnet.-quinumeruszwohl

155 3612 306 3667 Rhenum
329 3612 503 3667 incolunt:
530 3614 576 3668 ub.
600 3613 650 3682 qui
671 3612 713 3667 in·
767 3610 845 3665 nicht
869 3612 941 3667 ratio
970 3613 1090 3679 numeri,
1119 3613 1180 3682 qui,
1206 3615 1328 3672 scudem

156 3684 253 3739 colunt
279 3702 300 3737 s.
326 3690 385 3738 ci
416 3702 449 3738 ιιι
476 3683 614 3746 inductus.
660 3683 713 3738 Die
767 3683 816 3752 qui
833 3701 963 3739 numerus
980 3709 1013 3730 =
1033 3687 1109 3753 quot.
1129 3716 1163 3724 —
1182 3686 1325 3744 exisset:

156 3754 306 3809 classische
329 3754 452 3824 Spreche
478 3756 542 3826 ffigt
563 3774 597 3810 ιιι
621 3754 713 3810 einem
767 3754 821 3812 der.
844 3753 921 3824 (lonj.
950 3770 1000 3810 aus
1027 3756 1091 3810 dem
1120 3755 1203 3810 Sinne
1235 3757 1325 3827 deror,
1385 3816 1388 3820 ,

154 3825 237 3881 Nom.
257 3825 343 3880 subst.
361 3825 440 3880 nicht
463 3843 532 3897 gem
558 3827 603 3882 ein
624 3827 712 3881 Attri·
766 3825 871 3881 welche
891 3826 935 3881 die
950 3826 1046 3882 Listen
1064 3826 1204 3897 gefertigt.
1220 3859 1253 3869 —
1273 3845 1326 3884 eo-

155 3898 218 3964 but,
242 3895 395 3951 hestehend
417 3913 468 3952 ans
490 3897 567 3952 einer
583 3899 666 3967 Prhp.
685 3916 711 3953 u.
766 3913 838 3950 rum
856 3927 889 3937 —
908 3901 1046 3966 possent
1063 3898 1153 3951 tibere.
1173 3898 1246 3952 noch
1265 3915 1288 3953 c.
1308 3895 1325 3956 t

156 3966 248 4022 Subst.
293 3967 357 4037 Vgl.
383 3987 406 4023 ι.
431 3969 462 4024 B.
489 3975 519 4036 4,
544 3974 561 4022 4
590 3985 624 4022 ee
648 3984 713 4037 pers
765 3984 895 4038 acquae
921 3998 956 4007 —
985 3968 1169 4036 pertinerent3
1196 3973 1327 4038 possent:

154 4037 360 4107 Menapiorum,
389 4056 461 4108 quse
489 4039 560 4094 citra
583 4038 712 4093 Rhenum
766 4038 816 4093 der
839 4038 932 4108 Conj.,
957 4038 1021 4093 weil
1044 4038 1198 4109 Folgesatz.
1225 4071 1258 4080 —
1285 4041 1326 4097 Zn

154 4109 227 4174 eret3
254 4115 322 4176 2‚3
352 4109 573 4180 Germanosque,
599 4109 647 4180 qui
673 4109 711 4164 cis
765 4108 861 4179 pueri
875 4111 928 4164 etc.
939 4115 1054 4180 erganze
1069 4110 1119 4164 des
1133 4111 1198 4165 dem
1209 4110 1326 4168 Schn'ft
1373 4179 1377 4182 ⁴

154 4180 282 4234 Rhenum
309 4180 445 4248 incolent3
473 4187 555 4250 5,13
583 4181 710 4247 angulus,
766 4179 862 4235 stellet
903 4181 1137 4237 vorschwebende
1160 4182 1325 4240 'Prhdicatz

154 4250 203 4320 qui
225 4253 268 4305 est
290 4250 327 4304 sd
346 4249 484 4306 Cantium.
504 4282 537 4293 -
561 4259 586 4310 5.
609 4252 710 4307 Boios
765 4267 876 4319 „umen
908 4253 1101 4321 eugegeben“.
1146 4251 1198 4307 Die
1224 4254 1326 4311 Worte

56 4320 59 4326 '
139 4321 711 4394 petentibus.-ordne1Aeduispetonti·
766 4321 856 4392 geben
874 4321 919 4376 ein
936 4321 1060 4392 Beispiel
1077 4341 1111 4377 zu
1129 4323 1192 4380 dem
1212 4341 1234 4380 c.
1256 4332 1269 4379 1
1290 4344 1326 4382 ιιι

130 4387 191 4454 bus,
210 4391 245 4442 ut
255 4391 353 4458 Boios,
370 4394 447 4462 quod
459 4396 623 4467 -cogniti,
638 4399 670 4452 ut
683 4395 716 4451 in
766 4392 1331 4465 tingueeto.uememten.-n.sexum-.
