2804 4778
461 223 594 279 11611.
623 223 701 280 cap,
721 227 833 277 rr-ro.
1168 220 1232 286 113

59 402 143 454 tores
166 399 287 471 pontem
310 391 375 450 fiori
398 391 623 469 comperissent,
645 406 728 450 more
752 407 806 450 suo
830 388 954 449 concilio
978 387 1087 469 habito,
1111 389 1232 447 nuntios

62 484 94 541 in
124 497 226 540 omnes
254 487 355 558 partes
386 478 547 555 dimisisse,
576 478 622 538 uti
653 476 690 537 de
723 477 839 557 oppidis
869 477 1082 557 demigrarent,
1112 474 1233 555 liberos,

60 587 172 628 uxores
195 584 308 645 suaque
331 567 429 626 omnia
451 567 483 625 in
506 565 587 625 silvis
610 564 802 645 deponerent,
825 572 913 644 atque
937 583 1053 639 omnes,
1077 565 1129 642 qui
1152 578 1234 623 arma

63 657 142 717 serre
171 663 306 735 possent,
335 672 428 714 unum
457 655 488 713 in
515 653 614 714 locum
646 656 852 714 convenirent:
883 653 963 713 hunc
991 671 1057 713 esse
1084 651 1267 712 delectums

62 744 194 804 medinm
217 744 280 803 lere
304 744 459 821 regionum
488 759 603 821 earum,
631 759 704 819 quas
728 741 820 801 Suebi
846 741 1028 801 obtinerent:
1055 740 1104 800 hic
1127 740 1232 800 Roma·

62 850 171 892 norum
194 831 353 890 adventum
376 836 548 908 exspectare
569 838 657 908 atque
676 829 717 889 ihi
735 829 889 890 decertare
911 830 1108 889 constituisse.
1146 827 1269 899 Quod4

64 919 116 981 ubi
140 918 247 980 Caesar
271 919 428 998 comperit,
457 917 594 978 omnibus
622 916 712 978 rebus
736 919 772 978 iis
796 919 953 998 conlectis,
982 934 1107 995 quarum
1130 933 1233 977 rerum

61 1025 152 1068 causa
180 1006 336 1068 traducere
366 1008 528 1067 exercitum
558 1007 766 1086 constituerat,
794 1015 828 1066 ut
856 1005 1010 1065 Germanis
1037 1012 1149 1066 metum
1177 1006 1232 1063 ini·

63 1104 156 1176 oeret,
175 1103 209 1155 ut
228 1093 408 1173 Sugambros
423 1093 627 1174 ulcisceretur,
640 1101 675 1153 ut
687 1092 779 1154 Ubios
794 1093 947 1154 obsidione
962 1091 1111 1172 liberaret,
1128 1091 1234 1153 diebus

61 1185 183 1243 omnino
207 1182 233 1242 X
257 1190 287 1242 et
309 1181 373 1241 VIII
396 1189 478 1241 trans
497 1181 635 1242 Rhenum
658 1184 841 1261 consumptis
865 1183 936 1242 satis
959 1189 989 1241 et
1007 1181 1043 1240 ad
1066 1180 1183 1242 laudem
1203 1187 1233 1240 et

62 1272 100 1330 ad
124 1271 281 1331 utilitatem
308 1270 476 1349 proiectum
504 1268 664 1330 arbitratus
695 1287 727 1330 se
754 1272 786 1330 in
809 1269 932 1330 Galliam
958 1270 1072 1348 recepit
1099 1277 1233 1348 pontem·

60 1377 122 1438 que
147 1357 277 1419 rescidit.

152 1444 204 1507 20.
232 1445 344 1524 Exigua
376 1453 459 1524 parte
487 1447 607 1506 aestatis
639 1445 752 1525 reliqua
781 1445 902 1526 Caesar,
930 1447 986 1506 etsi
1018 1447 1049 1505 iu
1077 1445 1123 1504 his
1151 1443 1234 1523 locis,

62 1534 144 1613 quod
168 1536 263 1594 omnis
291 1533 383 1594 Gallia
410 1533 445 1593 ad
476 1536 694 1612 septentriones
721 1536 830 1614 vergit,
858 1542 990 1594 maturae
1019 1540 1089 1593 sunt
1111 1532 1234 1612 hiemes,

66 1632 164 1686 tamen
189 1625 219 1682 in
242 1621 424 1682 Britanniam
446 1622 594 1701 proficisci
616 1622 777 1702 contendit,
801 1622 880 1701 qrrod
902 1620 1040 1682 omnibus
1064 1621 1127 1681 lere
1147 1619 1233 1680 Galli·

61 1714 107 1771 cis
131 1710 216 1770 bellis
240 1709 375 1770 hostibus
398 1711 510 1770 nostris
532 1711 601 1770 inde
621 1709 843 1770 subministrata
861 1709 966 1770 auxilia
985 1706 1175 1787 intellegebat
1193 1715 1269 1787 eta

62 1801 89 1858 si
112 1807 231 1877 tempus
254 1798 323 1858 anni
347 1797 382 1857 ad
405 1797 515 1858 bellum
544 1797 707 1881 gerendum
736 1798 889 1877 deiiceret,
917 1806 1019 1858 tamen
1046 1813 1152 1874 magno
1176 1795 1234 1856 sibi

64 1889 133 1946 usui
156 1886 220 1945 iore
243 1884 450 1965 arbitrabatur,
473 1888 499 1945 si
522 1885 609 1946 modo
632 1885 759 1945 insulam
782 1885 891 1946 adisset
914 1893 944 1945 et
963 1901 1056 1962 genus
1079 1883 1234 1944 hominum

63 1975 280 2052 perspexisset,
310 1972 387 2054 loca,
418 1981 537 2052 portus,
570 1972 667 2034 aditus
699 1975 897 2053 cognovisset,
930 1990 1005 2050 quae
1040 1973 1138 2031 omnia
1170 1971 1232 2030 iere

65 2061 155 2122 Gallis
179 2069 263 2121 erant
285 2063 443 2139 incognita.
484 2059 587 2139 Neque
611 2061 690 2120 euim
708 2069 820 2120 temere
843 2067 962 2139 praeter
980 2067 1161 2120 mercatores
1181 2057 1268 2118 illos

65 2149 127 2208 adit
149 2151 314 2227 quisquam,
337 2166 434 2226 neque
457 2150 494 2207 iis
517 2150 589 2226 ipsis
617 2149 775 2226 quicquam
802 2156 921 2226 praeter
947 2165 1029 2206 oram
1055 2148 1233 2206 maritimam

65 2244 156 2314 atque
180 2253 229 2294 eas
252 2237 404 2316 regiones,
431 2252 506 2315 quae
535 2243 605 2295 sunt
632 2244 735 2296 contra
758 2234 877 2316 Gallias,
904 2244 1008 2297 notum
1032 2243 1085 2295 est.
1131 2234 1273 2312 Itaque4

63 2462 89 2509 2.
109 2457 246 2525 pontem
263 2455 345 2510 fieri
370 2455 515 2511 uberseize
538 2457 626 2511 durch
679 2457 726 2513 ΙΠ.
755 2456 864 2513 016661
892 2460 965 2512 erote
987 2456 1138 2511 Heerluhri
1164 2455 1238 2510 nach

64 2527 119 2580 Ein
151 2525 321 2582 Substaniiv.
355 2556 389 2567 -
426 2527 625 2595 concilio,
874 2527 1044 2584 Britannico.

65 2596 182 2652 Ablaciv
213 2596 261 2651 des
294 2596 432 2652 Grandes:
469 2596 499 2651 in
529 2597 624 2668 Fulge.

68 2699 100 2707 -
132 2684 224 2722 more
248 2683 318 2722 suo:
350 2668 420 2722 uber
446 2667 492 2723 die
520 2668 625 2723 Bedeu·
865 2632 907 2701 (c‘
927 2634 1051 2699 ²⁰“3⁰')

63 2739 136 2807 hung
162 2737 237 2792 siehe
266 2743 296 2806 6,
323 2743 372 2806 21,
401 2744 417 2791 5
450 2755 483 2792 zu
512 2754 625 2793 consue-
715 2737 844 2808 Capio.
865 2744 889 2794 1.
908 2736 1239 2807 Exigua-hiemes

64 2808 174 2875 iudine3
201 2823 267 2862 mun
291 2810 355 2878 sagi
377 2808 450 2862 auch
471 2809 626 2863 6616666
678 2806 1102 2876 iibers.nach1,19Anfaug.
1139 2806 1239 2860 Uebri-

66 2878 275 2947 gewdhnlicher
311 2894 361 2932 suo
389 2894 465 2932 more
495 2897 516 2932 6.
540 2879 572 2933 Β.
600 2885 624 2946 5,
678 2895 747 2948 gens
773 2879 849 2932 616111
873 2885 902 2945 3,
921 2882 955 2932 28
974 2877 1086 2949 Anfang
1112 2877 1157 2930 Iiir
1180 2877 1239 2931 exi-

63 2954 112 3014 373
143 2955 172 3018 i,
200 2955 242 3003 21.
278 2977 312 2987 -
348 2948 486 3002 6661166
515 2979 547 2987 -
575 2948 625 3002 di·
679 2948 914 3018 gua-aestatis
933 2947 1238 3002 welcherAusdruck?

65 3017 202 3072 misisse
239 3018 315 3072 steht
345 3020 492 3087 prignani.
520 3048 554 3058 -
584 3018 625 3072 li·
680 3051 713 3059 -
741 3019 990 3088 intellegebat:
1024 3019 1138 3083 wussbe3
1166 3016 1240 3072 nach

64 3090 175 3156 beros,
203 3103 324 3142 uxores
347 3104 475 3156 suaque
498 3087 625 3143 omnia:
680 3090 708 3143 61
731 3088 818 3143 ordne
840 3089 898 3143 und
920 3090 1013 3143 ubere.
1040 3087 1238 3143 arbitrabatur.

65 3158 111 3212 fiir
141 3159 247 3213 welche
278 3158 367 3227 Regel
404 3160 449 3213 eiu
480 3159 626 3229 Beispieli
680 3190 712 3200 ·-
728 3165 754 3212 1.
774 3159 959 3215 deficeret:
978 3158 1059 3213 nicht
1073 3157 1240 3212 ausreichts.

65 3229 157 3284 Ueber
195 3247 249 3298 que
289 3229 366 3283 siehe
400 3235 427 3298 1,
462 3236 508 3297 11,
541 3236 557 3283 5
592 3247 626 3283 nu
680 3261 712 3269 -
736 3235 850 3284 temen
873 3230 950 3283 steht
972 3229 1074 3283 ebenso
1098 3235 1122 3295 1,
1147 3233 1191 3296 32,
1213 3234 1240 3281 4.

64 3316 200 3368 quaeque.
230 3331 264 3340 -
293 3305 317 3353 3.
345 3298 444 3369 hunc,
472 3299 625 3370 cigentlich
679 3331 713 3341 -
733 3300 878 3354 adisset:
897 3300 1007 3368 lauden,
1023 3299 1076 3354 wie
1090 3298 1162 3353 auch
1181 3298 1240 3352 udi·

64 3371 108 3423 616
126 3370 229 3438 dieser,
248 3370 274 3424 d.
291 3369 309 3423 i.
328 3369 407 3424 doru.
426 3401 461 3411 -
479 3370 626 3425 medium
678 3372 724 3424 tus
753 3370 1004 3440 Landungsplbtze.
1028 3400 1063 3408 —
1099 3385 1240 3439 perspe-

66 3441 208 3495 iiberseize
222 3440 454 3509 substantivisch3
474 3457 569 3495 earum
583 3457 625 3496 re·
678 3440 801 3496 xissei:
847 3457 931 3507 6666,
958 3439 1107 3510 griindlich
1130 3439 1241 3492 kenuen

65 3509 180 3580 gionum
200 3510 292 3581 hitngt
315 3510 383 3565 aber
402 3527 458 3565 von
479 3511 570 3566 einem
593 3528 627 3564 zu
679 3511 786 3566 lernen.
822 3459 875 3565 igis
893 3510 975 3565 Kral'c
992 3510 1050 3564 und
1068 3510 1113 3565 dle
1131 3509 1240 3563 Beden-

68 3580 192 3633 medium
215 3580 509 3636 hinzuzunehmendeu
533 3581 627 3635 locum
679 3583 751 3650 hung
770 3581 820 3635 der
837 3581 1014 3651 Priposition
1032 3597 1082 3650 per
1100 3581 1139 3634 im
1159 3578 1240 3633 Com·

70 3651 205 3704 ab.—4.
226 3648 368 3714 Quod-
386 3651 544 3705 rescidit:
562 3667 626 3705 con·
679 3652 802 3720 6661166
834 3651 905 3705 111661
935 3650 995 3705 sich
1026 3651 1122 3720 hhufig
1152 3649 1242 3702 durch

69 3720 149 3774 fectis
163 3720 239 3774 ziehe
254 3720 308 3774 mit
325 3720 354 3774 iu
371 3720 417 3774 die
432 3720 627 3775 Constructiou
680 3722 822 3776 Aduerbio
840 3722 965 3777 deutlich
982 3723 1109 3776 macheu.
1144 3719 1240 3788 Vergl.

67 3807 123 3844 von
140 3790 196 3845 ubi.
217 3820 249 3830 -ν
269 3790 626 3846 61-1116666611116.
700 3791 837 3846 ervenire:
880 3792 1024 3862 gliicklich
1061 3791 1240 3844 aukommeu.

66 3862 109 3916 616
121 3861 291 3916 Parenihcse
306 3887 341 3902 -
359 3877 388 3914 er
405 3862 485 3916 hatte
503 3861 627 3916 uhmlich
680 3811 722 3917 gf.
737 3869 762 3931 1,
777 3869 810 3918 23
828 3862 906 3917 Eride
924 3862 1063 3932 perduxit,
1083 3867 1108 3929 5,
1125 3865 1159 3913 40
1178 3875 1242 3928 per-

69 3964 102 3972 -
134 3932 250 3999 ¹nollem
287 3932 361 3986 nach
395 3931 529 3987 liberarei
560 3932 626 4001 fiige
679 3933 751 3988 ferre
777 3933 822 3988 bis
845 3950 881 3988 66
904 3933 959 3988 den
978 3932 1029 3987 Ori
1052 3931 1101 3984 der
1119 3930 1239 3983 Bestim-

68 4003 162 4072 gleich
176 4018 213 4056 66
226 4021 256 4058 66
270 4033 304 4042 -
318 4002 445 4070 66661111,
465 4002 510 4058 die
523 4003 626 4058 Partic.
680 4022 775 4076 mung,
790 4005 816 4058 d.
826 4005 854 4058 h.
870 4003 1022 4074 gliiclrlich,
1041 4000 1238 4070 iiberbringen.

66 4072 627 4200 11111111111.”1111111111
679 4091 835 4201 thailae
867 4070 1241 4211 imiiiiaaiihffig&

66 4214 627 4285 Belsgerungszustsnd,driickendeniie·
681 4214 923 4284 6666616616.-
937 4214 1001 4268 illo
1020 4212 1106 4268 edit:
1120 4212 1241 4267 beechte

67 4285 144 4352 fahr,
164 4285 266 4341 Druck.
292 4316 324 4326 -
348 4284 552 4355 profectum:
580 4303 627 4356 ge·
682 4286 737 4341 den
758 4285 823 4341 Abl.
846 4287 938 4341 neben
960 4285 1024 4339 dem
1043 4285 1168 4339 Verbum
1191 4281 1242 4336 der

70 4371 197 4410 nomnen,
682 4357 843 4426 Bewegung
861 4358 946 4412 adire.
974 4356 1041 4426 Vgl.
1060 4362 1089 4422 1,
1104 4353 1251 4408 11161616

126 4451 223 4494 016666
237 4464 268 4493 66
282 4463 304 4494 n.
319 4464 391 4496 saum
613 4471 616 4477 ⁴
1026 4448 1049 4496 Q
