2804 4778
156 219 224 284 152
563 219 612 272 DE
630 216 748 273 BELLO
767 216 924 274 GALLICO

156 404 189 446 se
208 386 404 446 ostenderunt
428 385 664 463 novissimosque
682 400 819 462 premere
841 391 871 443 et
893 384 1006 461 primos
1024 383 1184 463 prohibero
1204 403 1339 448 ascensu

154 482 243 552 atque
267 475 453 551 iniquissimo
476 474 588 533 nostris
611 471 677 532 loco
700 471 847 550 proelium
871 473 1056 532 committere
1080 483 1255 552 coeperunt.

243 559 294 622 33.
318 561 394 622 'lum
415 560 535 621 demum
553 560 697 639 Titurius,
717 561 768 638 qui
791 559 865 619 nihil
887 568 955 619 ante
974 561 1161 643 providisset,
1179 562 1336 640 trepidare·

154 659 184 710 et
207 667 386 710 concursare
411 650 609 727 cohortesque
631 647 799 728 disponere,
822 647 895 707 haec
914 656 1013 708 tamen
1036 650 1100 728 ipsa
1117 649 1221 710 timide
1241 658 1337 729 atque

151 746 186 798 ut
216 757 284 799 eum
314 738 412 797 omnia
443 738 571 797 delicere
598 736 784 814 viderentur3
812 736 891 813 quod
919 736 1095 815 plerumque
1124 739 1162 797 iis
1192 738 1331 799 accidere

112 840 130 887 2
153 830 316 906 consuevit,
336 828 438 904 quiin
458 828 522 905 ipso
541 826 661 902 negotio
681 824 839 884 consilium
857 841 964 902 capere
984 833 1140 903 coguntur.
1178 827 1216 887 ht
1235 826 1338 907 Cotta,

153 916 205 993 qui
228 917 387 994 cogitasset
410 913 483 973 haec
502 931 590 992 posse
613 914 644 972 in
666 914 774 972 itinere
799 912 933 972 accidere
957 920 1046 992 atque
1065 912 1103 972 ob
1125 932 1190 974 eam
1209 933 1336 975 causam

151 1005 345 1082 profectionis
369 1009 473 1062 auctor
497 1019 555 1060 non
581 1002 695 1082 luisset,
718 999 798 1061 nulla
820 1002 852 1060 in
875 1019 908 1060 re
930 1002 1081 1061 communi
1104 1001 1191 1063 saluti
1215 1002 1333 1078 deerat,

151 1099 182 1150 et
204 1094 236 1151 in
259 1089 440 1170 appellandis
464 1089 713 1168 cohortandisque
736 1087 880 1148 militibus
907 1090 1096 1168 imperatoris
1119 1099 1150 1150 et
1172 1093 1204 1150 iu
1227 1110 1332 1170 pugna

113 1193 131 1241 3
150 1178 253 1239 militis
275 1180 371 1238 cilicia
394 1177 571 1257 praestabat.
609 1177 684 1237 Cum
701 1185 825 1256 propter
848 1176 1063 1255 longitudinem
1082 1181 1208 1257 agminis
1226 1183 1331 1240 minus

151 1266 235 1327 facile
261 1269 357 1327 omnia
380 1285 436 1345 per
465 1284 497 1326 se
525 1264 607 1325 obire
632 1273 677 1346 et,
705 1265 775 1343 quid
804 1283 923 1344 quoque
949 1265 1015 1325 loco
1044 1266 1214 1327 iaciendum
1237 1276 1333 1342 esset,

150 1355 308 1432 providere
331 1362 463 1435 possent,
486 1356 639 1415 iusserunt
662 1355 866 1434 pronuntiare,
889 1362 922 1414 ut
942 1354 1154 1433 impedimenta
1176 1354 1328 1435 relinque·

115 1458 134 1505 4
152 1450 221 1502 rent
239 1451 327 1521 atque
351 1445 382 1502 in
400 1442 504 1502 orbem
524 1445 731 1502 consisterent.
768 1441 854 1512 Quod
874 1441 1031 1502 consilium
1050 1445 1107 1503 etsi
1130 1445 1161 1503 in
1181 1444 1329 1505 eiusmodi

114 1545 132 1595 s
152 1547 223 1589 casu
247 1531 526 1610 reprehendendum
555 1548 615 1590 non
639 1538 698 1609 est,
724 1538 825 1590 tamen
846 1530 1032 1591 incommode
1056 1531 1176 1592 accidit:
1204 1549 1274 1592 nam
1297 1542 1331 1594 et

151 1619 263 1678 uostris
283 1618 425 1679 militibus
444 1637 528 1697 spem
547 1620 654 1679 minuit
668 1626 698 1678 et
715 1618 816 1678 hostes
835 1618 871 1678 ad
890 1636 1021 1697 pugnam
1038 1617 1199 1680 alacriores
1217 1622 1332 1700 effecit,

152 1705 232 1784 quod
256 1724 316 1766 non
340 1708 404 1767 sine
429 1725 544 1767 summo
567 1708 675 1766 timore
696 1712 727 1766 et
749 1705 955 1786 desperatione
977 1707 1008 1767 id
1031 1707 1142 1768 lactum
1161 1707 1327 1769 videbatur.

116 1812 134 1860 6
152 1793 312 1854 Praeterea
329 1796 445 1875 accidit,
464 1795 544 1873 quod
567 1795 632 1854 lieri
652 1812 774 1855 necesse
793 1802 865 1875 erat,
889 1803 922 1855 ut
940 1794 1027 1873 vtdgo
1050 1795 1159 1856 milites
1178 1794 1214 1856 ab
1234 1799 1333 1876 signis

152 1883 355 1964 discederent,
378 1901 513 1962 quaeque
541 1885 667 1961 quisque
697 1900 801 1943 eorum
828 1884 980 1943 carissima
1010 1882 1146 1965 baberet,
1174 1882 1211 1944 ab
1234 1887 1332 1965 impe·

150 1971 291 2031 dimentis
314 1980 416 2050 petere
440 1981 528 2050 atquo
553 1973 685 2050 arripere
707 1979 895 2050 properaret,
924 1971 1052 2031 clamore
1075 1979 1106 2033 et
1131 1971 1206 2033 lletu
1229 1975 1329 2034 omnia

152 2058 383 2137 complerentur.
618 2118 623 2127 .

241 2143 293 2208 34.
317 2148 353 2208 ht
376 2146 511 2207 barbaris
534 2147 690 2208 consilium
715 2165 774 2208 non
797 2147 901 2207 deluit,
936 2145 1010 2206 Nam
1029 2147 1121 2208 duces
1140 2166 1246 2209 eorum
1265 2157 1331 2210 tota

153 2236 216 2295 acie
239 2237 434 2313 pronuntiare
453 2238 614 2317 iusserunt,
633 2254 670 2296 ne
691 2237 757 2315 quis
776 2234 812 2295 ab
833 2234 898 2319 loco
918 2234 1098 2297 discederet:
1121 2235 1240 2297 illorum
1260 2256 1329 2299 esse

152 2323 294 2402 praedam
326 2332 414 2403 atque
447 2324 503 2384 illis
532 2326 695 2405 reservari,
728 2341 932 2403 quaecumque
964 2322 1089 2385 Romani
1121 2324 1333 2404 reliquissent:

765 2528 903 2583 burionon.
918 2559 952 2568 -
971 2527 1006 2581 in
1024 2528 1139 2583 orbem
1157 2531 1334 2587 consiste-

188 2528 253 2597 Oap.
269 2533 311 2583 33.
328 2534 352 2582 1.
368 2528 426 2596 qui
444 2527 534 2582 nihil
549 2559 582 2568 -
597 2528 712 2597 provi·

765 2603 853 2654 rent:
885 2597 1045 2669 vergleiche
1076 2605 1110 2667 4,
1138 2606 1172 2655 37
1200 2619 1235 2654 zu
1261 2603 1334 2658 orbe

151 2599 261 2653 disset
278 2599 335 2652 und
354 2599 404 2653 das
430 2599 561 2667 folgende
580 2599 638 2669 qui
656 2616 712 2654 co-

151 2669 303 2740 gitasset
321 2669 383 2724 sind
397 2669 583 2728 Caucalaittze.
599 2701 633 2710 -
647 2673 712 2726 bre·

151 2740 274 2810 pidare
293 2743 327 2795 ob
344 2757 549 2795 concursare
567 2743 634 2796 etc:
654 2749 712 2809 sl,

152 2818 186 2867 16
209 2830 243 2866 zu
270 2812 405 2881 flagitare.
430 2841 467 2851 —
494 2828 712 2867 concursare:

151 2882 182 2935 iu
209 2883 259 2937 der
286 2882 465 2950 Prepesition
492 2882 563 2952 liegt
589 2882 632 2938 oft
658 2883 713 2937 wie

765 2670 849 2725 foebo.
882 2699 916 2710 -
950 2676 975 2723 4.
1007 2669 1330 2739 reprehendendum

766 2741 911 2795 fiberaetze
939 2740 1012 2794 nach
1044 2757 1067 2794 c.
1096 2746 1121 2809 8,
1149 2748 1167 2795 4
1198 2760 1234 2796 zu
1265 2743 1328 2799 leu-

766 2811 867 2868 danda..
896 2839 931 2852 --
960 2816 984 2865 b.
1013 2810 1054 2864 ad
1080 2828 1228 2881 pugnem
1256 2815 1333 2869 ala-

767 2882 899 2937 criores
922 2882 994 2936 lbasb
1016 2880 1076 2935 sich
1100 2882 1188 2936 durch
1206 2883 1252 2938 ein
1270 2885 1330 2939 Ad·
1357 2893 1360 2899 '

150 2952 225 3007 bier:
244 2952 295 3007 hin
308 2953 365 3006 und
379 2953 438 3008 her.
465 2953 646 3008 Wiederbole
661 2953 711 3008 dea
763 2952 851 3022 jochin
869 2953 1084 3007 fibemetzen.-
1099 2960 1123 3008 6.
1138 2954 1228 3022 quod
1245 2955 1334 3010 fieri

152 3024 221 3078 fiber
238 3039 289 3092 per
307 3023 364 3077 und
383 3039 417 3078 ex
430 3024 586 3078 Bemerkte.
607 3055 641 3064 —
660 3025 712 3078 ab·

175 3093 711 3162 ueut=abqueibaub=omnio=

152 3112 438 3232 beisusgegenwart,
457 3164 593 3218 Umaicht.
612 3195 645 3204 -
664 3165 713 3218 vi-

152 3233 327 3287 derentur:
359 3233 449 3287 videri
480 3234 550 3288 least
579 3233 638 3288 sich
666 3253 713 3288 zu-

151 3302 253 3358 weilen
275 3304 347 3357 auch
370 3304 450 3357 recht
471 3304 592 3373 passend
616 3305 713 3359 adver·

153 3372 224 3426 biell
241 3373 418 3439 fiberaebzem
437 3373 499 3428 hier
517 3375 574 3428 und
592 3374 632 3428 im
649 3375 713 3428 Fol-

765 3039 909 3078 neooaae
923 3024 997 3077 eret
1010 3023 1182 3078 umachreibb
1196 3024 1247 3080 dos
1257 3025 1330 3080 Sub-

766 3092 872 3149 stanbiv
887 3094 955 3163 „des
962 3093 1215 3163 Unvermeidlicbe‚
1224 3097 1331 3150 Nelur-

766 3164 869 3219 liobe“.
884 3195 918 3203 -
937 3164 1041 3233 vulgo
1058 3163 1099 3219 ist
1116 3171 1141 3232 1,
1160 3171 1194 3220 39
1213 3167 1329 3222 erkldrb

768 3265 801 3276 -
821 3250 979 3304 quaeque
998 3259 1032 3280 ==
1051 3238 1081 3290 et
1098 3251 1179 3305 quea.
1198 3267 1232 3277 -·
1257 3237 1330 3292 dia·

767 3305 944 3372 cederent,
959 3322 1045 3373 quae
1059 3336 1093 3345 -
1106 3311 1332 3378 properaret,

767 3375 917 3430 clamore
931 3377 997 3430 elce
1016 3376 1086 3430 aber
1100 3377 1150 3430 dea
1164 3379 1333 3446 asyndeton

154 3442 265 3513 genden
296 3442 460 3508 videbatur,
492 3461 536 3498 wo
570 3461 598 3499 ea
634 3446 714 3500 nieht
767 3445 844 3500 aiebe
870 3452 900 3512 1,
927 3453 941 3500 1
967 3464 1003 3500 eu
1027 3447 1125 3516 lingua
1149 3466 1176 3506 u.
1195 3466 1216 3504 a.
1236 3467 1269 3503 w.
1293 3479 1331 3490 -

152 3512 322 3583 ‚,acheinen“
331 3513 431 3580 beiast,
447 3514 534 3570 durch
544 3515 713 3584 „offenbar“,
767 3516 951 3570 cariosima
986 3517 1144 3572 baberet:
1180 3517 1238 3574 lieb
1270 3521 1330 3575 und

153 3583 203 3652 de,
226 3599 271 3638 wo
295 3600 323 3638 es
347 3585 478 3640 scheineu
500 3585 601 3653 hoissi,
627 3587 714 3641 durch
767 3587 868 3642 theuer
884 3604 957 3656 wer,
979 3603 1026 3641 am
1048 3587 1168 3643 liebsten
1185 3589 1273 3645 balbe.
1294 3620 1334 3631 -

153 3655 352 3724 „wohl“.-2.
363 3657 482 3710 auctor
496 3673 560 3711 non
574 3657 714 3711 fuisset:
767 3659 886 3726 petere
904 3660 1008 3726 atque
1026 3658 1182 3729 arripere
1206 3677 1332 3730 prope-

154 3728 296 3781 auoborem
316 3743 375 3781 esre
390 3751 424 3771 =
438 3727 713 3796 genehmigen.-3.
767 3731 873 3783 reret:
901 3728 1024 3799 Beispiel
1045 3728 1090 3783 lor
1107 3730 1163 3784 den
1181 3729 1332 3793 Gebreuch

153 3814 212 3867 per
227 3814 274 3852 ae:
289 3796 329 3852 sie
342 3797 388 3851 hir
401 3796 461 3851 sich
475 3797 574 3864 ullein3
593 3815 624 3853 so
638 3799 716 3864 steht
767 3814 822 3855 von
844 3815 896 3868 pro
917 3816 994 3854 erere
1018 3800 1074 3868 (nie
1092 3799 1146 3854 mit
1164 3800 1229 3856 dem
1248 3801 1332 3872 Supi-

154 3869 227 3923 auch
244 3885 295 3938 per
314 3874 339 3936 2,
358 3872 405 3921 20:
428 3885 479 3937 per
497 3885 527 3922 se
546 3885 618 3937 quae
636 3869 713 3924 vide·
767 3887 835 3923 uum
854 3818 988 3938 eulpam).

153 3939 256 3992 benhur
274 3938 520 4006 administrabant3
546 3939 635 3994 demit
652 3957 713 3994 ver·
804 3939 871 4009 Cep.
890 3947 933 3995 34.
958 3948 982 3997 1.
1001 3943 1080 3999 ,bote
1097 3941 1185 3997 acie:
1208 3960 1244 3996 eu
1262 3942 1333 3997 wel·

153 4007 264 4078 gleiche
284 4015 309 4076 1,
323 4016 357 4063 42
376 4025 427 4078 per
441 4026 478 4076 se,
497 4010 556 4063 und
573 4017 599 4078 5,
611 4017 646 4064 30
663 4027 714 4080 per
767 4011 834 4066 oher
855 4011 944 4080 Regel
967 4027 1034 4065 vom
1056 4012 1172 4067 Abletiv
1197 4011 1242 4067 ein
1264 4012 1330 4067 Bei-

153 4082 191 4133 be.
215 4109 250 4120 -
278 4079 375 4135 obire
398 4105 433 4125 =
456 4079 659 4136 administrare.
679 4113 713 4122 -
769 4080 857 4149 spiel?
886 4111 921 4122 —
947 4098 987 4136 ne
1015 4081 1104 4150 quis:
1131 4081 1196 4137 wir:
1224 4083 1329 4140 keiner.

153 4150 331 4204 iusserunt
366 4151 611 4219 pronuntiare:
653 4151 715 4206 Bei—
768 4151 1333 4223 Vergl.c.1i‚5zunequoumquem.

156 4219 227 4288 spiel
258 4219 303 4274 fur
331 4221 459 4276 welchau
486 4222 633 4277 Gebrauoh
659 4237 715 4276 von
769 4252 804 4262 -
827 4222 1024 4278 discederet
1045 4253 1079 4264 -
1104 4239 1234 4278 ease-
1258 4223 1333 4279 exi·

153 4289 269 4344 iubere?
293 4290 344 4344 Ala
364 4289 495 4361 subjecto
515 4291 577 4346 sind
595 4310 629 4347 zu
648 4292 714 4346 den·
769 4292 1330 4350 stimarenbzobbemerkterWeehaol

137 4357 198 4408 Iron
226 4359 275 4412 die
296 4360 536 4430 Kriegabr'bunen
565 4362 623 4418 und
646 4361 715 4419 Gen·
770 4362 819 4418 der
842 4362 922 4419 blodi
949 4362 980 4418 in
1003 4364 1054 4418 der
1078 4363 1175 4419 Oratio
1201 4364 1334 4433 oblique3
