2804 4778
132 225 174 289 92
535 223 583 278 DE
603 220 721 277 BELLO
742 221 900 277 GALLICO

132 394 252 453 circiter
278 409 384 471 passus
412 389 499 450 mille.
545 388 610 448 Huc
638 407 744 467 magno
773 407 864 449 cursu
895 387 1126 466 contenderunt,
1155 380 1189 447 ut
1219 405 1311 466 quam

132 482 285 541 minimum
314 481 401 558 spatii
428 479 464 538 ad
493 496 524 538 se
553 477 735 556 colligendos
763 476 979 554 armandosque
1007 475 1147 536 Romanis
1175 474 1312 558 daretur,

132 571 347 646 exanimatique
371 575 582 646 pervenerunt.
629 564 757 626 Sabinus
781 583 851 625 suos
874 564 1010 625 hortatus
1034 562 1225 643 cupientibus
1249 565 1310 644 sig-

98 669 113 716 2
133 675 204 717 num
224 657 281 717 dat.
313 656 466 735 Impeditis
484 652 621 714 hostibus
639 662 763 733 propter
782 671 825 735 ea,
844 671 918 731 quae
934 649 1078 734 ferebant,
1097 670 1187 712 onera
1207 650 1311 713 subito

96 743 247 806 eduahus
277 746 373 824 portis
404 746 590 822 eruptionem
622 743 687 802 lieri
715 739 807 803 iubet.
852 741 975 802 Factum
1006 750 1052 801 est
1085 743 1311 821 opportunitate

132 833 202 914 loci,
230 832 363 893 hostium
385 832 541 891 inscientia
572 849 605 890 ac
629 829 851 911 defatigatione,
878 832 988 890 virtute
1017 827 1142 890 militum
1166 836 1197 889 et
1220 847 1310 910 supe·

131 924 245 982 riorum
275 938 443 1001 pugnarum
474 920 699 1000 exercitatione,
731 926 765 979 ut
792 937 829 978 ne
862 935 955 979 unum
987 917 1108 996 quidem
1134 925 1311 978 nostrorum

97 1024 114 1070 4
132 1013 277 1089 impetum
296 1010 410 1069 ferrent
429 1026 462 1067 ac
481 1009 581 1068 statim
599 1015 682 1086 terga
703 1014 863 1067 verterent.
905 1005 988 1076 Quos
1005 1004 1164 1085 impeditos
1182 1007 1311 1086 integris

132 1098 245 1158 viribus
275 1097 382 1157 milites
406 1098 502 1157 nostri
530 1098 683 1156 consecuti
706 1113 846 1174 magnum
873 1112 1031 1156 numerum
1059 1111 1164 1154 eorum
1192 1094 1311 1155 occide·

133 1196 216 1266 runt3
244 1185 376 1264 reliquos
407 1186 523 1263 equites
560 1186 722 1245 consectati
748 1201 873 1264 paucos,
901 1185 952 1261 qui
984 1201 1020 1243 ex
1048 1182 1117 1261 luga
1144 1191 1312 1265 evaserant,

98 1274 329 1352 oreliquerunt.
376 1272 425 1333 Sic
448 1290 508 1333 uno
532 1280 666 1351 tempore
690 1281 720 1333 et
748 1272 784 1332 de
813 1270 907 1331 navali
935 1289 1034 1350 pugna
1057 1269 1183 1331 Sabinus
1213 1279 1244 1332 et
1274 1270 1312 1332 de

135 1360 238 1422 Sabini
261 1363 383 1422 victoria
403 1360 510 1422 Caesar
534 1363 644 1421 certior
667 1361 763 1421 iactus
783 1368 838 1441 est,
856 1361 1049 1438 civitatesque
1069 1377 1172 1419 omnes
1196 1377 1228 1420 se
1252 1367 1312 1420 sta·

97 1453 186 1514 etim
217 1449 333 1510 Titurio
364 1449 549 1510 dediderunt.
595 1448 668 1509 Nam
697 1455 731 1510 ut
763 1448 798 1508 ad
826 1447 902 1509 bella
936 1447 1124 1527 suscipienda
1156 1446 1313 1510 Gallorum

133 1538 229 1599 alacer
252 1557 286 1598 ac
308 1546 465 1617 promptus
490 1547 535 1598 est
559 1540 688 1618 animm,
712 1539 754 1597 sic
778 1536 874 1596 mollis
902 1555 936 1596 ac
959 1538 1079 1596 minime
1104 1538 1251 1597 resistens
1275 1535 1313 1598 ad

127 1627 315 1687 calamitates
338 1625 531 1705 perferendas
554 1644 638 1686 mens
663 1644 766 1686 eorum
791 1636 844 1686 est.

223 1712 274 1775 20.
298 1713 418 1775 Eodem.
434 1715 497 1773 lere
521 1723 655 1793 ternpore
679 1713 802 1774 Publius
823 1713 957 1793 Crassus,
980 1730 1049 1774 cum
1072 1714 1103 1773 in
1121 1713 1314 1791 Aquitaniam

132 1804 327 1883 pervenisset,
350 1821 426 1882 quae
450 1820 528 1882 pam,
552 1810 586 1862 ut
608 1810 676 1863 ante
700 1801 813 1862 dictum
836 1809 894 1882 est,
920 1810 951 1863 et
973 1803 1131 1880 regionum
1153 1799 1315 1863 latitudine

134 1899 164 1973 et
188 1891 376 1951 multitudine
400 1891 554 1951 hominum
574 1909 609 1950 ex
633 1893 719 1951 tertia
744 1899 830 1970 parte
848 1889 939 1950 Gallia
963 1898 1008 1951 cst
1031 1889 1221 1971 aestimanda,
1240 1908 1315 1952 cum

133 1979 320 2058 intellegeret
343 1981 373 2040 in
393 1981 430 2039 iis
453 1979 526 2040 locis
550 1977 606 2039 sihi
625 1977 735 2039 bellum
754 1979 927 2060 gerendum,
945 1976 998 2038 uhi
1016 1980 1118 2058 paucis
1137 1984 1206 2039 ante
1224 1981 1315 2041 annis

133 2188 266 2254 angusto:
281 2183 372 2240 iibens.
383 2185 458 2241 nach.
472 2191 496 2250 1,
506 2189 539 2238 22
555 2202 588 2238 zu
601 2184 694 2253 prima
747 2202 798 2254 per
815 2183 899 2254 liegt:
919 2183 1062 2254 geduldig,
1086 2183 1241 2240 standhnft.
1280 2185 1315 2239 In

132 2255 203 2310 luce.
223 2285 256 2293 -
280 2271 403 2324 pessus
425 2254 533 2309 mille:
559 2255 624 2309 Acc.
644 2255 694 2309 der
747 2255 870 2309 anderen
888 2253 1058 2324 Compositis
1076 2256 1115 2310 ist
1131 2261 1201 2325 peri
1219 2255 1313 2326 vergi.

132 2325 339 2394 Ausdelrnung,
361 2324 415 2380 mit
438 2324 553 2379 acclivis
575 2344 610 2379 zu
633 2342 691 2380 ver·
749 2325 1018 2394 usurpaverit.

133 2395 245 2449 binden.
265 2425 299 2434 —
317 2411 440 2477 magno
464 2396 526 2477 iibsz
545 2395 623 2450 nicht
640 2396 695 2450 mit
748 2430 787 2485 HI

276 2468 694 2606 astuterunt
936 2519 976 2589 2.
996 2520 1121 2588 2-2.)

133 2605 436 2676 derSotnv'erbindung
449 2607 693 2677 drncktquahtu-
784 2607 849 2678 Cap.
874 2614 917 2663 20.
945 2616 968 2662 1.
995 2608 1027 2662 P.
1051 2608 1209 2664 Crassus:
1242 2609 1316 2666 siber

133 2677 173 2746 lig
197 2677 260 2732 eine
286 2677 373 2748 Folge
399 2695 463 2745 aus3
488 2677 590 2733 ebenso
614 2683 639 2746 d,
660 2684 693 2732 15
748 2679 824 2733 seine
848 2679 1043 2748 Truppennahl
1065 2679 1141 2734 siche
1164 2696 1187 2733 c.
1208 2685 1252 2735 11.
1276 2711 1312 2721 -

134 2748 297 2818 duabusque
320 2754 387 2815 etc.;
413 2749 499 2818 vergi.
523 2749 614 2804 dieses
640 2766 693 2819 qne
748 2766 820 2804 cum
838 2780 873 2789 -
897 2749 1118 2818 pervenisset
1139 2751 1230 2806 iibers.
1252 2755 1315 2806 ent-

133 2819 187 2873 mit
206 2826 230 2886 1,
251 2825 284 2872 1⁷
303 2818 333 2873 in
352 2837 479 2889 quaeque
498 2822 639 2888 gerantur.
658 2851 694 2860 -
748 2820 843 2874 weder
861 2820 903 2874 als
921 2820 1078 2889 Hauptsntz
1096 2820 1164 2876 oder
1187 2821 1314 2892 beginne

134 2895 158 2944 3.
183 2889 336 2945 militnm
358 2890 437 2945 ziehe
464 2891 537 2946 auch
561 2909 595 2945 nn
619 2907 695 2944 exer·
748 2890 793 2946 die
816 2890 936 2946 Periode
958 2891 1012 2946 mit
1039 2908 1102 2946 cnm
1124 2908 1176 2947 vor
1197 2891 1314 2948 intelle·

134 2960 281 3027 citatione3
305 2960 390 3016 somit
412 2961 504 3015 erh‘tlt
526 2978 593 3015 men
615 2961 694 3016 aber·
768 2966 829 3017 eret
852 2964 927 3030 (cum
949 2962 1128 3032 intellegeret
1154 2962 1200 3018 ein
1224 2978 1315 3020 nones

133 3032 205 3086 mols
233 3030 279 3085 ein
305 3030 428 3100 Beispiel
460 3048 516 3085 von
543 3031 695 3101 doppelten
748 2977 831 3086 glied
849 3031 898 3087 des
913 3032 1123 3102 Vordersotnes)
1141 3034 1199 3088 und
1217 3033 1313 3091 iibens.

134 3101 296 3184 Genitiven3
315 3102 385 3156 iiber
401 3101 447 3156 die
460 3101 627 3171 Bedeutnng
639 3119 695 3184 ⁸von
749 3101 803 3157 den
822 3103 888 3158 Sata
907 3121 972 3186 cnm
990 3134 1023 3144 -
1043 3104 1217 3173 pervenisset
1235 3106 1313 3160 nach

134 3174 297 3296 {little
315 3174 694 3310 t·‚1a³⁹.·.‘..tttt¹¹{‘
750 3179 887 3312 {liful}
900 3175 1313 3315 ltdttttpttttt:

134 3317 159 3364 4.
180 3311 271 3376 Quos
290 3341 323 3351 -
343 3327 472 3371 eornm:
491 3312 612 3367 dariiber
629 3333 648 3368 s.
672 3321 694 3382 1,
748 3315 895 3385 wendigen
914 3317 1100 3386 Umstellnng.
1120 3347 1154 3356 -
1173 3319 1211 3370 nt
1228 3321 1313 3375 ente

136 3387 168 3436 12
188 3396 338 3436 nuens-
357 3397 489 3451 magnam
512 3398 608 3437 eorum
632 3401 695 3453 pnr-
748 3384 959 3441 dictumest:
985 3393 1057 3456 1,).
1079 3404 1165 3442 -re
1193 3387 1313 3444 ionum

133 3455 193 3506 tem
208 3451 338 3507 concidit.
354 3483 387 3491 -
402 3451 602 3521 impeditos:
618 3454 694 3510 siche
748 3455 945 3512 latitudine
966 3456 1004 3512 ist
1021 3457 1084 3512 Abl.
1103 3458 1152 3512 des
1170 3405 1313 3530 lirantes,

134 3541 184 3576 zur
201 3523 409 3592 Uebersetzung
434 3529 463 3591 1,
482 3529 524 3579 12.
549 3555 582 3565 -
606 3525 694 3580 inte·
747 3526 928 3583 hinsichtlich
942 3528 1010 3584 oder
1023 3545 1122 3600 wegen
1140 3527 1231 3584 seiner
1243 3529 1311 3586 Fla-

134 3593 205 3663 gris
219 3592 364 3648 viribus:
378 3593 544 3664 Bedeutnng
553 3596 694 3652 dasAbla·
748 3597 1010 3669 chenausdehnung.
1021 3599 1113 3656 Ueber
1122 3598 1168 3655 die
1178 3599 1313 3673 Stellung

133 3663 208 3719 tiva?
228 3695 262 3703 —
281 3664 447 3733 reliquos:
471 3665 517 3720 die
541 3666 592 3721 das
610 3667 693 3722 Fuss—
747 3667 797 3723 der
821 3668 995 3740 Satzglieder
1018 3677 1142 3739 s.6,12
1164 3688 1199 3724 nu
1220 3671 1313 3727 hebe-

133 3735 201 3789 volk
215 3734 295 3790 nicht
309 3734 453 3805 eingeholt
466 3736 554 3791 hatte.
569 3768 603 3778 —
618 3755 693 3794 eva·
746 3742 843 3794 rentur
869 3740 968 3796 Aedui.
994 3772 1027 3780 —
1056 3757 1141 3811 quae
1168 3758 1249 3811 pars
1273 3773 1310 3784 -

134 3808 261 3861 serant:
282 3805 454 3860 erkltredas
469 3807 692 3879 Plusquamperf.
747 3826 785 3864 ex
808 3811 919 3866 tertia
940 3814 1043 3882 parta
1061 3812 1189 3868 Galliae
1216 3811 1313 3870 dieser

133 3907 168 3915 -
187 3877 417 3946 reliquerunt:
435 3876 538 3932 liessen
551 3880 642 3949 iibrig.
658 3911 691 3920 -
746 3880 828 3936 Theil
852 3882 891 3936 ist
909 3883 1113 3954 anznsohlagen
1136 3883 1178 3939 als
1197 3883 1313 3942 Gallien

134 3954 158 4002 6.
186 3947 355 4002 resistens
383 3947 422 4001 im
451 3948 506 4017 adj.
531 3948 616 4005 Sinne
643 3951 690 4005 be·
745 3969 808 4006 num
833 3953 937 4008 dritten
963 3954 1074 4021 Thule,
1100 3954 1125 4010 d.
1144 3955 1163 4008 i.
1193 3955 1236 4010 als
1262 3955 1313 4014 ein

134 4019 262 4073 zeiohnet
293 4018 355 4073 eine
380 4018 532 4089 Famgkeit
559 4021 601 4075 als
632 4021 694 4076 eine
747 4019 1007 4080 brieter-Golden:
1033 4025 1117 4080 Diese
1144 4025 1244 4081 Lesnrt
1269 4025 1314 4086 ist

133 4087 693 4159 bleibendeEigenschafttwiderstands·
747 4094 824 4148 wohl
846 4094 1023 4151 uweifelhaft.
1061 4096 1113 4151 Die
1136 4096 1181 4153 W.
1200 4097 1233 4153 A.
1257 4097 1314 4156 hnc

132 4158 214 4228 fahig
242 4159 432 4214 hinsichtlich.
465 4191 499 4201 —
532 4162 693 4218 animus:
748 4162 859 4220 Galliae
877 4167 948 4220 statt
966 4166 1068 4222 Gellia.
1087 4197 1121 4207 -
1140 4166 1175 4223 in
1192 4166 1238 4223 iis
1256 4168 1312 4226 lo·

133 4229 215 4283 Mnth
246 4229 293 4284 bei
319 4231 427 4300 Beginn
459 4232 508 4286 der
537 4233 693 4288 Unterneh·
748 4234 797 4288 cis
829 4235 956 4290 bellum
993 4239 1179 4308 gerendum
1214 4239 1312 4299 libers.

117 4302 695 4442 terraneuertentis
747 4305 820 4434 ut
837 4311 862 4375 ²2
877 4307 1314 4448 terrestrum

789 2474 795 2487 .
814 2430 938 2486 Crassus’
947 2431 1072 2502 Feldzng
1084 2431 1115 2486 in
1129 2430 1315 2501 Aquitanien.
