<?xml version="1.0" encoding="UTF-8"?>
<!DOCTYPE html PUBLIC "-//W3C//DTD XHTML 1.0 Transitional//EN"
    "http://www.w3.org/TR/xhtml1/DTD/xhtml1-transitional.dtd">
<html xmlns="http://www.w3.org/1999/xhtml" xml:lang="en" lang="en">
 <head>
  <title>
</title>
<meta http-equiv="Content-Type" content="text/html;charset=utf-8" />
  <meta name='ocr-system' content='tesseract 3.04.00' />
  <meta name='ocr-capabilities' content='ocr_page ocr_carea ocr_par ocr_line ocrx_word'/>
</head>
<body>
  <div class='ocr_page' id='page_1' title='image "./ciuliicaesarisc00dobegoog_0300.png"; bbox 0 0 2804 4778; ppageno 0'>
   <div class='ocr_carea' id='block_1_1' title="bbox 150 209 918 274">
    <p class='ocr_par' dir='ltr' id='par_1_1' title="bbox 150 209 918 274">
     <span class='ocr_line' id='line_1_1' title="bbox 150 209 918 274; baseline -0.008 0"><span class='ocrx_word' id='word_1_1' title='bbox 150 209 215 274; x_wconf 76' lang='grc'><strong>278</strong></span> <span class='ocrx_word' id='word_1_2' title='bbox 555 209 604 264; x_wconf 87' lang='lat' dir='ltr'><strong>DE</strong></span> <span class='ocrx_word' id='word_1_3' title='bbox 622 209 741 268; x_wconf 78' lang='lat' dir='ltr'>BELLO</span> <span class='ocrx_word' id='word_1_4' title='bbox 761 210 918 268; x_wconf 73' lang='lat' dir='ltr'><strong>Gannico</strong></span> 
     </span>
    </p>
   </div>
   <div class='ocr_carea' id='block_1_2' title="bbox 114 378 1376 3209">
    <p class='ocr_par' dir='ltr' id='par_1_2' title="bbox 149 378 1332 550">
     <span class='ocr_line' id='line_1_2' title="bbox 150 378 1332 462; baseline 0.003 -23"><span class='ocrx_word' id='word_1_5' title='bbox 150 380 261 440; x_wconf 89' lang='lat' dir='ltr'><strong>maiore</strong></span> <span class='ocrx_word' id='word_1_6' title='bbox 288 387 372 458; x_wconf 89' lang='lat' dir='ltr'><strong>parte</strong></span> <span class='ocrx_word' id='word_1_7' title='bbox 402 379 509 438; x_wconf 90' lang='lat' dir='ltr'><strong>amissa</strong></span> <span class='ocrx_word' id='word_1_8' title='bbox 542 380 725 439; x_wconf 89' lang='lat' dir='ltr'><strong>consternati</strong></span> <span class='ocrx_word' id='word_1_9' title='bbox 756 378 931 459; x_wconf 79' lang='lat' dir='ltr'><strong>profugiunt</strong></span> <span class='ocrx_word' id='word_1_10' title='bbox 962 382 1072 458; x_wconf 87' lang='lat' dir='ltr'><strong>partim</strong></span> <span class='ocrx_word' id='word_1_11' title='bbox 1100 379 1181 442; x_wconf 90' lang='lat' dir='ltr'><strong>silvis</strong></span> <span class='ocrx_word' id='word_1_12' title='bbox 1214 384 1332 462; x_wconf 86' lang='lat' dir='ltr'><strong>petitis,</strong></span> 
     </span>
     <span class='ocr_line' id='line_1_3' title="bbox 149 466 1330 550; baseline 0.003 -22"><span class='ocrx_word' id='word_1_13' title='bbox 149 470 259 546; x_wconf 87' lang='lat' dir='ltr'><strong>partim</strong></span> <span class='ocrx_word' id='word_1_14' title='bbox 281 466 417 548; x_wconf 88' lang='lat' dir='ltr'><strong>flumine,</strong></span> <span class='ocrx_word' id='word_1_15' title='bbox 446 468 498 545; x_wconf 92' lang='lat' dir='ltr'><strong>qui</strong></span> <span class='ocrx_word' id='word_1_16' title='bbox 521 468 674 528; x_wconf 85' lang='lat' dir='ltr'><strong>tamenin</strong></span> <span class='ocrx_word' id='word_1_17' title='bbox 697 467 766 546; x_wconf 88' lang='lat' dir='ltr'><strong>fuga</strong></span> <span class='ocrx_word' id='word_1_18' title='bbox 789 485 806 528; x_wconf 92' lang='lat' dir='ltr'><strong>a</strong></span> <span class='ocrx_word' id='word_1_19' title='bbox 829 469 941 528; x_wconf 92' lang='lat' dir='ltr'><strong>nostris</strong></span> <span class='ocrx_word' id='word_1_20' title='bbox 963 470 1074 529; x_wconf 88' lang='lat' dir='ltr'><strong>acriter</strong></span> <span class='ocrx_word' id='word_1_21' title='bbox 1095 471 1330 550; x_wconf 77' lang='lat' dir='ltr'>insequentibus</span> 
     </span>
    </p>

    <p class='ocr_par' dir='ltr' id='par_1_3' title="bbox 115 553 1330 901">
     <span class='ocr_line' id='line_1_4' title="bbox 115 553 1330 636; baseline 0.005 -20"><span class='ocrx_word' id='word_1_22' title='bbox 115 566 132 616; x_wconf 87' lang='lat'>8</span> <span class='ocrx_word' id='word_1_23' title='bbox 151 556 359 636; x_wconf 87' lang='lat' dir='ltr'><strong>conficiuntur,</strong></span> <span class='ocrx_word' id='word_1_24' title='bbox 382 574 450 616; x_wconf 91' lang='lat' dir='ltr'><strong>cum</strong></span> <span class='ocrx_word' id='word_1_25' title='bbox 473 558 594 616; x_wconf 79' lang='lat' dir='ltr'><strong>interim</strong></span> <span class='ocrx_word' id='word_1_26' title='bbox 616 553 696 615; x_wconf 92' lang='lat' dir='ltr'><strong>nulla</strong></span> <span class='ocrx_word' id='word_1_27' title='bbox 719 555 883 617; x_wconf 83' lang='lat' dir='ltr'><strong>calamitate</strong></span> <span class='ocrx_word' id='word_1_28' title='bbox 905 559 1002 619; x_wconf 86' lang='lat' dir='ltr'><strong>victus</strong></span> <span class='ocrx_word' id='word_1_29' title='bbox 1025 556 1155 619; x_wconf 82' lang='lat' dir='ltr'>Correus</span> <span class='ocrx_word' id='word_1_30' title='bbox 1179 559 1330 622; x_wconf 80' lang='lat' dir='ltr'><strong>excedere</strong></span> 
     </span>
     <span class='ocr_line' id='line_1_5' title="bbox 149 643 1330 728; baseline 0.005 -24"><span class='ocrx_word' id='word_1_31' title='bbox 149 644 264 724; x_wconf 90' lang='lat' dir='ltr'><strong>proelio</strong></span> <span class='ocrx_word' id='word_1_32' title='bbox 288 643 434 724; x_wconf 90' lang='lat' dir='ltr'><strong>silvasque</strong></span> <span class='ocrx_word' id='word_1_33' title='bbox 458 652 561 723; x_wconf 86' lang='lat' dir='ltr'><strong>potero</strong></span> <span class='ocrx_word' id='word_1_34' title='bbox 585 652 635 704; x_wconf 91' lang='lat' dir='ltr'><strong>aut</strong></span> <span class='ocrx_word' id='word_1_35' title='bbox 658 644 851 706; x_wconf 84' lang='lat' dir='ltr'><strong>invitantibus</strong></span> <span class='ocrx_word' id='word_1_36' title='bbox 874 647 986 706; x_wconf 91' lang='lat' dir='ltr'><strong>nostris</strong></span> <span class='ocrx_word' id='word_1_37' title='bbox 1009 645 1045 706; x_wconf 91' lang='lat' dir='ltr'><strong>ad</strong></span> <span class='ocrx_word' id='word_1_38' title='bbox 1069 646 1250 710; x_wconf 85' lang='lat' dir='ltr'><strong>deditionem</strong></span> <span class='ocrx_word' id='word_1_39' title='bbox 1275 668 1330 728; x_wconf 93' lang='lat' dir='ltr'><strong>po·</strong></span> 
     </span>
     <span class='ocr_line' id='line_1_6' title="bbox 151 732 1329 814; baseline 0.004 -21"><span class='ocrx_word' id='word_1_40' title='bbox 151 735 209 793; x_wconf 92' lang='lat' dir='ltr'><strong>tuit</strong></span> <span class='ocrx_word' id='word_1_41' title='bbox 238 733 358 808; x_wconf 81' lang='lat' dir='ltr'><strong>adduci,</strong></span> <span class='ocrx_word' id='word_1_42' title='bbox 388 735 460 813; x_wconf 89' lang='lat' dir='ltr'><strong>quin</strong></span> <span class='ocrx_word' id='word_1_43' title='bbox 490 734 651 793; x_wconf 89' lang='lat' dir='ltr'><strong>fortissime</strong></span> <span class='ocrx_word' id='word_1_44' title='bbox 681 732 853 811; x_wconf 89' lang='lat' dir='ltr'><strong>proeliando</strong></span> <span class='ocrx_word' id='word_1_45' title='bbox 881 734 1109 814; x_wconf 86' lang='lat' dir='ltr'><strong>compluresque</strong></span> <span class='ocrx_word' id='word_1_46' title='bbox 1142 735 1329 798; x_wconf 87' lang='lat' dir='ltr'><strong>vulnerando</strong></span> 
     </span>
     <span class='ocr_line' id='line_1_7' title="bbox 152 820 1076 901; baseline 0.003 -20"><span class='ocrx_word' id='word_1_47' title='bbox 152 829 273 901; x_wconf 89' lang='lat' dir='ltr'><strong>cogeret</strong></span> <span class='ocrx_word' id='word_1_48' title='bbox 295 821 388 883; x_wconf 89' lang='lat' dir='ltr'><strong>elatos</strong></span> <span class='ocrx_word' id='word_1_49' title='bbox 410 820 563 883; x_wconf 89' lang='lat' dir='ltr'><strong>iracundia</strong></span> <span class='ocrx_word' id='word_1_50' title='bbox 586 823 715 882; x_wconf 90' lang='lat' dir='ltr'><strong>victores</strong></span> <span class='ocrx_word' id='word_1_51' title='bbox 737 824 769 882; x_wconf 94' lang='lat' dir='ltr'><strong>in</strong></span> <span class='ocrx_word' id='word_1_52' title='bbox 792 840 824 882; x_wconf 89' lang='lat' dir='ltr'><strong>se</strong></span> <span class='ocrx_word' id='word_1_53' title='bbox 848 820 905 883; x_wconf 91' lang='lat' dir='ltr'><strong>tela</strong></span> <span class='ocrx_word' id='word_1_54' title='bbox 929 825 1076 884; x_wconf 86' lang='lat' dir='ltr'><strong>conicere.</strong></span> 
     </span>
    </p>

    <p class='ocr_par' dir='ltr' id='par_1_4' title="bbox 151 907 1329 1260">
     <span class='ocr_line' id='line_1_8' title="bbox 239 907 1329 992; baseline 0.003 -19"><span class='ocrx_word' id='word_1_55' title='bbox 239 907 291 972; x_wconf 81' lang='lat'><strong>20.</strong></span> <span class='ocrx_word' id='word_1_56' title='bbox 327 910 391 973; x_wconf 79' lang='lat' dir='ltr'><strong>&#39;l&#39;ali</strong></span> <span class='ocrx_word' id='word_1_57' title='bbox 418 911 506 972; x_wconf 94' lang='lat' dir='ltr'><strong>modo</strong></span> <span class='ocrx_word' id='word_1_58' title='bbox 533 929 566 971; x_wconf 91' lang='lat' dir='ltr'><strong>re</strong></span> <span class='ocrx_word' id='word_1_59' title='bbox 589 917 672 989; x_wconf 86' lang='lat' dir='ltr'><strong>gesta</strong></span> <span class='ocrx_word' id='word_1_60' title='bbox 696 910 867 971; x_wconf 88' lang='lat' dir='ltr'><strong>recentibus</strong></span> <span class='ocrx_word' id='word_1_61' title='bbox 889 911 996 991; x_wconf 89' lang='lat' dir='ltr'><strong>proelii</strong></span> <span class='ocrx_word' id='word_1_62' title='bbox 1017 914 1149 992; x_wconf 86' lang='lat' dir='ltr'><strong>vestigiis</strong></span> <span class='ocrx_word' id='word_1_63' title='bbox 1171 914 1329 992; x_wconf 89' lang='lat' dir='ltr'><strong>ingressus</strong></span> 
     </span>
     <span class='ocr_line' id='line_1_9' title="bbox 151 997 1328 1079; baseline 0.005 -21"><span class='ocrx_word' id='word_1_64' title='bbox 151 997 272 1079; x_wconf 87' lang='lat' dir='ltr'><strong>Caesar,</strong></span> <span class='ocrx_word' id='word_1_65' title='bbox 300 1017 368 1061; x_wconf 88' lang='lat' dir='ltr'><strong>curn</strong></span> <span class='ocrx_word' id='word_1_66' title='bbox 395 1002 490 1060; x_wconf 93' lang='lat' dir='ltr'><strong>victos</strong></span> <span class='ocrx_word' id='word_1_67' title='bbox 518 1007 598 1060; x_wconf 90' lang='lat' dir='ltr'><strong>tanta</strong></span> <span class='ocrx_word' id='word_1_68' title='bbox 626 997 790 1060; x_wconf 86' lang='lat' dir='ltr'><strong>calamitate</strong></span> <span class='ocrx_word' id='word_1_69' title='bbox 815 1001 998 1060; x_wconf 85' lang='lat' dir='ltr'><strong>existimaret</strong></span> <span class='ocrx_word' id='word_1_70' title='bbox 1024 1000 1125 1062; x_wconf 89' lang='lat' dir='ltr'><strong>bostes</strong></span> <span class='ocrx_word' id='word_1_71' title='bbox 1148 1004 1255 1063; x_wconf 90' lang='lat' dir='ltr'><strong>nuntio</strong></span> <span class='ocrx_word' id='word_1_72' title='bbox 1279 1022 1328 1065; x_wconf 90' lang='lat' dir='ltr'><strong>ac·</strong></span> 
     </span>
     <span class='ocr_line' id='line_1_10' title="bbox 151 1087 1329 1170; baseline 0.005 -22"><span class='ocrx_word' id='word_1_73' title='bbox 151 1095 238 1167; x_wconf 90' lang='lat' dir='ltr'><strong>cepto</strong></span> <span class='ocrx_word' id='word_1_74' title='bbox 265 1087 364 1149; x_wconf 91' lang='lat' dir='ltr'><strong>locum</strong></span> <span class='ocrx_word' id='word_1_75' title='bbox 392 1096 559 1148; x_wconf 89' lang='lat' dir='ltr'><strong>castrorum</strong></span> <span class='ocrx_word' id='word_1_76' title='bbox 586 1087 758 1170; x_wconf 90' lang='lat' dir='ltr'><strong>relicturos,</strong></span> <span class='ocrx_word' id='word_1_77' title='bbox 785 1107 861 1167; x_wconf 90' lang='lat' dir='ltr'><strong>quae</strong></span> <span class='ocrx_word' id='word_1_78' title='bbox 884 1105 945 1148; x_wconf 91' lang='lat' dir='ltr'><strong>non</strong></span> <span class='ocrx_word' id='word_1_79' title='bbox 972 1088 1090 1168; x_wconf 91' lang='lat' dir='ltr'><strong>longius</strong></span> <span class='ocrx_word' id='word_1_80' title='bbox 1112 1089 1149 1150; x_wconf 93' lang='lat' dir='ltr'><strong>ab</strong></span> <span class='ocrx_word' id='word_1_81' title='bbox 1173 1109 1207 1151; x_wconf 92' lang='lat' dir='ltr'><strong>ea</strong></span> <span class='ocrx_word' id='word_1_82' title='bbox 1236 1092 1329 1154; x_wconf 85' lang='lat' dir='ltr'><strong>caede</strong></span> 
     </span>
     <span class='ocr_line' id='line_1_11' title="bbox 151 1175 1329 1260; baseline 0.006 -25"><span class='ocrx_word' id='word_1_83' title='bbox 151 1175 255 1236; x_wconf 89' lang='lat' dir='ltr'><strong>abesse</strong></span> <span class='ocrx_word' id='word_1_84' title='bbox 282 1195 424 1256; x_wconf 88' lang='lat' dir='ltr'><strong>passuum</strong></span> <span class='ocrx_word' id='word_1_85' title='bbox 452 1184 520 1237; x_wconf 90' lang='lat' dir='ltr'><strong>octo</strong></span> <span class='ocrx_word' id='word_1_86' title='bbox 549 1175 669 1237; x_wconf 89' lang='lat' dir='ltr'><strong>milibus</strong></span> <span class='ocrx_word' id='word_1_87' title='bbox 696 1176 885 1258; x_wconf 83' lang='lat' dir='ltr'><strong>dicebantur,</strong></span> <span class='ocrx_word' id='word_1_88' title='bbox 918 1180 1035 1238; x_wconf 89' lang='lat' dir='ltr'><strong>tametsi</strong></span> <span class='ocrx_word' id='word_1_89' title='bbox 1057 1179 1179 1239; x_wconf 87' lang='lat' dir='ltr'><strong>flumine</strong></span> <span class='ocrx_word' id='word_1_90' title='bbox 1202 1181 1329 1260; x_wconf 89' lang='lat' dir='ltr'><strong>impedi·</strong></span> 
     </span>
    </p>

    <p class='ocr_par' dir='ltr' id='par_1_5' title="bbox 116 1263 1330 1876">
     <span class='ocr_line' id='line_1_12' title="bbox 116 1263 1329 1346; baseline 0.004 -22"><span class='ocrx_word' id='word_1_91' title='bbox 116 1271 216 1326; x_wconf 73' lang='lat' dir='ltr'><strong>ntum</strong></span> <span class='ocrx_word' id='word_1_92' title='bbox 243 1267 402 1327; x_wconf 87' lang='lat' dir='ltr'><strong>transitum</strong></span> <span class='ocrx_word' id='word_1_93' title='bbox 429 1263 559 1346; x_wconf 89' lang='lat' dir='ltr'><strong>videbat,</strong></span> <span class='ocrx_word' id='word_1_94' title='bbox 587 1273 687 1327; x_wconf 91' lang='lat' dir='ltr'><strong>tamen</strong></span> <span class='ocrx_word' id='word_1_95' title='bbox 715 1268 849 1327; x_wconf 85' lang='lat' dir='ltr'><strong>exercitu</strong></span> <span class='ocrx_word' id='word_1_96' title='bbox 877 1265 1015 1326; x_wconf 87' lang='lat' dir='ltr'><strong>traducto</strong></span> <span class='ocrx_word' id='word_1_97' title='bbox 1042 1267 1242 1346; x_wconf 84' lang='lat' dir='ltr'><strong>progreditur.</strong></span> <span class='ocrx_word' id='word_1_98' title='bbox 1288 1270 1329 1329; x_wconf 79' lang='lat' dir='ltr'><strong>At</strong></span> 
     </span>
     <span class='ocr_line' id='line_1_13' title="bbox 150 1352 1329 1439; baseline 0.006 -28"><span class='ocrx_word' id='word_1_99' title='bbox 150 1352 298 1413; x_wconf 78' lang='lat' dir='ltr'><strong>bellovaci</strong></span> <span class='ocrx_word' id='word_1_100' title='bbox 327 1352 518 1433; x_wconf 87' lang='lat' dir='ltr'><strong>reliquaeque</strong></span> <span class='ocrx_word' id='word_1_101' title='bbox 549 1355 682 1439; x_wconf 76' lang='lat' dir='ltr'><strong>civitates</strong></span> <span class='ocrx_word' id='word_1_102' title='bbox 711 1364 835 1434; x_wconf 89' lang='lat' dir='ltr'><strong>repente</strong></span> <span class='ocrx_word' id='word_1_103' title='bbox 867 1372 903 1413; x_wconf 83' lang='lat' dir='ltr'><strong>ex</strong></span> <span class='ocrx_word' id='word_1_104' title='bbox 933 1355 1002 1433; x_wconf 85' lang='lat' dir='ltr'><strong>fuga</strong></span> <span class='ocrx_word' id='word_1_105' title='bbox 1031 1357 1134 1434; x_wconf 88' lang='lat' dir='ltr'><strong>paucis</strong></span> <span class='ocrx_word' id='word_1_106' title='bbox 1163 1365 1253 1436; x_wconf 90' lang='lat' dir='ltr'><strong>atquo</strong></span> <span class='ocrx_word' id='word_1_107' title='bbox 1280 1357 1329 1418; x_wconf 92' lang='lat' dir='ltr'><strong>bis</strong></span> 
     </span>
     <span class='ocr_line' id='line_1_14' title="bbox 150 1441 1329 1526; baseline 0.004 -24"><span class='ocrx_word' id='word_1_108' title='bbox 150 1441 313 1503; x_wconf 88' lang='lat' dir='ltr'><strong>vulneratis</strong></span> <span class='ocrx_word' id='word_1_109' title='bbox 336 1445 480 1524; x_wconf 84' lang='lat' dir='ltr'><strong>receptis,</strong></span> <span class='ocrx_word' id='word_1_110' title='bbox 503 1445 555 1522; x_wconf 94' lang='lat' dir='ltr'><strong>qui</strong></span> <span class='ocrx_word' id='word_1_111' title='bbox 578 1441 718 1503; x_wconf 86' lang='lat' dir='ltr'><strong>silvarum</strong></span> <span class='ocrx_word' id='word_1_112' title='bbox 741 1442 885 1503; x_wconf 86' lang='lat' dir='ltr'><strong>beneficio</strong></span> <span class='ocrx_word' id='word_1_113' title='bbox 905 1461 1008 1503; x_wconf 92' lang='lat' dir='ltr'><strong>casum</strong></span> <span class='ocrx_word' id='word_1_114' title='bbox 1026 1445 1215 1526; x_wconf 88' lang='lat' dir='ltr'><strong>evitaverant,</strong></span> <span class='ocrx_word' id='word_1_115' title='bbox 1234 1449 1329 1507; x_wconf 90' lang='lat' dir='ltr'><strong>omni·</strong></span> 
     </span>
     <span class='ocr_line' id='line_1_15' title="bbox 150 1529 1329 1613; baseline 0.005 -23"><span class='ocrx_word' id='word_1_116' title='bbox 150 1529 208 1591; x_wconf 93' lang='lat' dir='ltr'><strong>bus</strong></span> <span class='ocrx_word' id='word_1_117' title='bbox 231 1530 375 1612; x_wconf 88' lang='lat' dir='ltr'><strong>adversis,</strong></span> <span class='ocrx_word' id='word_1_118' title='bbox 400 1530 532 1611; x_wconf 90' lang='lat' dir='ltr'><strong>[cognita</strong></span> <span class='ocrx_word' id='word_1_119' title='bbox 555 1530 742 1613; x_wconf 65' lang='lat' dir='ltr'><strong>calamitate]</strong></span> <span class='ocrx_word' id='word_1_120' title='bbox 771 1532 930 1592; x_wconf 90' lang='lat' dir='ltr'><strong>interfecto</strong></span> <span class='ocrx_word' id='word_1_121' title='bbox 954 1531 1078 1613; x_wconf 84' lang='lat' dir='ltr'><strong>Correo,</strong></span> <span class='ocrx_word' id='word_1_122' title='bbox 1106 1535 1215 1594; x_wconf 93' lang='lat' dir='ltr'><strong>amisso</strong></span> <span class='ocrx_word' id='word_1_123' title='bbox 1236 1537 1329 1613; x_wconf 55' lang='lat' dir='ltr'><strong>‘equi-</strong></span> 
     </span>
     <span class='ocr_line' id='line_1_16' title="bbox 151 1619 1330 1705; baseline 0.004 -26"><span class='ocrx_word' id='word_1_124' title='bbox 151 1625 216 1680; x_wconf 91' lang='lat' dir='ltr'><strong>tatu</strong></span> <span class='ocrx_word' id='word_1_125' title='bbox 240 1627 270 1680; x_wconf 90' lang='lat' dir='ltr'><strong>et</strong></span> <span class='ocrx_word' id='word_1_126' title='bbox 292 1621 463 1689; x_wconf 81' lang='lat' dir='ltr'><strong>fortissimis</strong></span> <span class='ocrx_word' id='word_1_127' title='bbox 485 1620 649 1701; x_wconf 87' lang='lat' dir='ltr'><strong>peditibus,</strong></span> <span class='ocrx_word' id='word_1_128' title='bbox 672 1638 741 1680; x_wconf 92' lang='lat' dir='ltr'><strong>cnm</strong></span> <span class='ocrx_word' id='word_1_129' title='bbox 765 1620 923 1680; x_wconf 82' lang='lat' dir='ltr'><strong>adventare</strong></span> <span class='ocrx_word' id='word_1_130' title='bbox 941 1619 1090 1681; x_wconf 90' lang='lat' dir='ltr'><strong>Romanos</strong></span> <span class='ocrx_word' id='word_1_131' title='bbox 1114 1623 1330 1705; x_wconf 77' lang='lat' dir='ltr'><strong>existimarent,</strong></span> 
     </span>
     <span class='ocr_line' id='line_1_17' title="bbox 151 1707 1329 1792; baseline 0.003 -24"><span class='ocrx_word' id='word_1_132' title='bbox 151 1708 277 1768; x_wconf 91' lang='lat' dir='ltr'><strong>concilio</strong></span> <span class='ocrx_word' id='word_1_133' title='bbox 306 1716 429 1788; x_wconf 90' lang='lat' dir='ltr'><strong>repente</strong></span> <span class='ocrx_word' id='word_1_134' title='bbox 458 1717 547 1770; x_wconf 91' lang='lat' dir='ltr'><strong>cantu</strong></span> <span class='ocrx_word' id='word_1_135' title='bbox 575 1707 715 1770; x_wconf 89' lang='lat' dir='ltr'><strong>tubarum</strong></span> <span class='ocrx_word' id='word_1_136' title='bbox 742 1716 903 1770; x_wconf 91' lang='lat' dir='ltr'><strong>convocato</strong></span> <span class='ocrx_word' id='word_1_137' title='bbox 932 1708 1129 1792; x_wconf 89' lang='lat' dir='ltr'><strong>conclamant,</strong></span> <span class='ocrx_word' id='word_1_138' title='bbox 1158 1709 1249 1789; x_wconf 88' lang='lat' dir='ltr'><strong>legati</strong></span> <span class='ocrx_word' id='word_1_139' title='bbox 1275 1711 1329 1772; x_wconf 92' lang='lat' dir='ltr'><strong>ob·</strong></span> 
     </span>
     <span class='ocr_line' id='line_1_18' title="bbox 151 1797 717 1876; baseline 0.002 -19"><span class='ocrx_word' id='word_1_140' title='bbox 151 1798 290 1876; x_wconf 91' lang='lat' dir='ltr'><strong>sidesque</strong></span> <span class='ocrx_word' id='word_1_141' title='bbox 314 1798 350 1858; x_wconf 93' lang='lat' dir='ltr'><strong>ad</strong></span> <span class='ocrx_word' id='word_1_142' title='bbox 374 1797 530 1859; x_wconf 86' lang='lat' dir='ltr'><strong>Caesarem</strong></span> <span class='ocrx_word' id='word_1_143' title='bbox 553 1801 717 1859; x_wconf 90' lang='lat' dir='ltr'><strong>mittantur.</strong></span> 
     </span>
    </p>

    <p class='ocr_par' dir='ltr' id='par_1_6' title="bbox 150 1882 1331 2057">
     <span class='ocr_line' id='line_1_19' title="bbox 240 1882 1331 1967; baseline 0.002 -19"><span class='ocrx_word' id='word_1_144' title='bbox 240 1882 291 1948; x_wconf 82' lang='lat'><strong>21.</strong></span> <span class='ocrx_word' id='word_1_145' title='bbox 328 1885 391 1947; x_wconf 90' lang='lat' dir='ltr'><strong>Hoc</strong></span> <span class='ocrx_word' id='word_1_146' title='bbox 419 1886 557 1948; x_wconf 93' lang='lat' dir='ltr'><strong>omnibus</strong></span> <span class='ocrx_word' id='word_1_147' title='bbox 584 1886 709 1967; x_wconf 88' lang='lat' dir='ltr'><strong>probato</strong></span> <span class='ocrx_word' id='word_1_148' title='bbox 738 1885 862 1946; x_wconf 88' lang='lat' dir='ltr'><strong>consilio</strong></span> <span class='ocrx_word' id='word_1_149' title='bbox 886 1886 1037 1947; x_wconf 85' lang='lat' dir='ltr'><strong>Commius</strong></span> <span class='ocrx_word' id='word_1_150' title='bbox 1059 1886 1184 1948; x_wconf 80' lang='lat' dir='ltr'><strong>Atrebas</strong></span> <span class='ocrx_word' id='word_1_151' title='bbox 1212 1887 1249 1948; x_wconf 94' lang='lat' dir='ltr'><strong>ad</strong></span> <span class='ocrx_word' id='word_1_152' title='bbox 1276 1907 1331 1950; x_wconf 91' lang='lat' dir='ltr'><strong>eos</strong></span> 
     </span>
     <span class='ocr_line' id='line_1_20' title="bbox 150 1973 1330 2057; baseline 0.003 -23"><span class='ocrx_word' id='word_1_153' title='bbox 150 1975 285 2053; x_wconf 81' lang='lat' dir='ltr'><strong>confugit</strong></span> <span class='ocrx_word' id='word_1_154' title='bbox 308 1974 484 2057; x_wconf 88' lang='lat' dir='ltr'><strong>Germanos,</strong></span> <span class='ocrx_word' id='word_1_155' title='bbox 511 1993 528 2036; x_wconf 92' lang='lat' dir='ltr'><strong>a</strong></span> <span class='ocrx_word' id='word_1_156' title='bbox 556 1975 665 2054; x_wconf 91' lang='lat' dir='ltr'><strong>quibus</strong></span> <span class='ocrx_word' id='word_1_157' title='bbox 693 1974 730 2035; x_wconf 93' lang='lat' dir='ltr'><strong>ad</strong></span> <span class='ocrx_word' id='word_1_158' title='bbox 757 1973 788 2035; x_wconf 96' lang='lat' dir='ltr'><strong>id</strong></span> <span class='ocrx_word' id='word_1_159' title='bbox 815 1974 925 2036; x_wconf 89' lang='lat' dir='ltr'><strong>bellum</strong></span> <span class='ocrx_word' id='word_1_160' title='bbox 949 1975 1056 2036; x_wconf 83' lang='lat' dir='ltr'><strong>auxilia</strong></span> <span class='ocrx_word' id='word_1_161' title='bbox 1079 1983 1231 2037; x_wconf 90' lang='lat' dir='ltr'><strong>mutuatus</strong></span> <span class='ocrx_word' id='word_1_162' title='bbox 1256 1987 1330 2039; x_wconf 91' lang='lat' dir='ltr'><strong>erat.</strong></span> 
     </span>
    </p>

    <p class='ocr_par' dir='ltr' id='par_1_7' title="bbox 115 2061 1330 2322">
     <span class='ocr_line' id='line_1_21' title="bbox 115 2061 1330 2144; baseline 0.004 -23"><span class='ocrx_word' id='word_1_163' title='bbox 115 2061 250 2123; x_wconf 67' lang='lat' dir='ltr'><strong>eceteri</strong></span> <span class='ocrx_word' id='word_1_164' title='bbox 280 2082 297 2123; x_wconf 89' lang='lat' dir='ltr'><strong>e</strong></span> <span class='ocrx_word' id='word_1_165' title='bbox 327 2065 451 2144; x_wconf 86' lang='lat' dir='ltr'><strong>vestigio</strong></span> <span class='ocrx_word' id='word_1_166' title='bbox 481 2066 604 2125; x_wconf 90' lang='lat' dir='ltr'><strong>mittunt</strong></span> <span class='ocrx_word' id='word_1_167' title='bbox 634 2064 669 2124; x_wconf 94' lang='lat' dir='ltr'><strong>ad</strong></span> <span class='ocrx_word' id='word_1_168' title='bbox 694 2062 850 2124; x_wconf 85' lang='lat' dir='ltr'><strong>Caesarem</strong></span> <span class='ocrx_word' id='word_1_169' title='bbox 879 2063 991 2143; x_wconf 89' lang='lat' dir='ltr'><strong>legatos</strong></span> <span class='ocrx_word' id='word_1_170' title='bbox 1020 2071 1200 2143; x_wconf 89' lang='lat' dir='ltr'><strong>petuntque,</strong></span> <span class='ocrx_word' id='word_1_171' title='bbox 1231 2074 1265 2126; x_wconf 93' lang='lat' dir='ltr'><strong>ut</strong></span> <span class='ocrx_word' id='word_1_172' title='bbox 1295 2084 1330 2127; x_wconf 92' lang='lat' dir='ltr'><strong>ea</strong></span> 
     </span>
     <span class='ocr_line' id='line_1_22' title="bbox 149 2151 1329 2234; baseline 0.003 -23"><span class='ocrx_word' id='word_1_173' title='bbox 149 2169 246 2231; x_wconf 89' lang='lat' dir='ltr'><strong>poena</strong></span> <span class='ocrx_word' id='word_1_174' title='bbox 269 2154 309 2213; x_wconf 93' lang='lat' dir='ltr'><strong>sit</strong></span> <span class='ocrx_word' id='word_1_175' title='bbox 332 2159 491 2215; x_wconf 91' lang='lat' dir='ltr'><strong>contentus</strong></span> <span class='ocrx_word' id='word_1_176' title='bbox 513 2153 660 2234; x_wconf 90' lang='lat' dir='ltr'><strong>bostium,</strong></span> <span class='ocrx_word' id='word_1_177' title='bbox 684 2171 774 2232; x_wconf 89' lang='lat' dir='ltr'><strong>quam</strong></span> <span class='ocrx_word' id='word_1_178' title='bbox 797 2154 823 2212; x_wconf 93' lang='lat' dir='ltr'><strong>si</strong></span> <span class='ocrx_word' id='word_1_179' title='bbox 846 2154 910 2213; x_wconf 89' lang='lat' dir='ltr'><strong>sine</strong></span> <span class='ocrx_word' id='word_1_180' title='bbox 934 2151 1124 2213; x_wconf 88' lang='lat' dir='ltr'><strong>dimicatione</strong></span> <span class='ocrx_word' id='word_1_181' title='bbox 1147 2154 1259 2214; x_wconf 90' lang='lat' dir='ltr'><strong>inferre</strong></span> <span class='ocrx_word' id='word_1_182' title='bbox 1283 2157 1329 2215; x_wconf 92' lang='lat' dir='ltr'><strong>in·</strong></span> 
     </span>
     <span class='ocr_line' id='line_1_23' title="bbox 151 2241 1328 2322; baseline 0.003 -22"><span class='ocrx_word' id='word_1_183' title='bbox 151 2243 243 2319; x_wconf 89' lang='lat' dir='ltr'><strong>tegris</strong></span> <span class='ocrx_word' id='word_1_184' title='bbox 266 2250 381 2321; x_wconf 89' lang='lat' dir='ltr'><strong>posset,</strong></span> <span class='ocrx_word' id='word_1_185' title='bbox 404 2259 459 2320; x_wconf 91' lang='lat' dir='ltr'><strong>pro</strong></span> <span class='ocrx_word' id='word_1_186' title='bbox 483 2260 537 2302; x_wconf 90' lang='lat' dir='ltr'><strong>sua</strong></span> <span class='ocrx_word' id='word_1_187' title='bbox 560 2241 716 2303; x_wconf 91' lang='lat' dir='ltr'><strong>clementia</strong></span> <span class='ocrx_word' id='word_1_188' title='bbox 744 2249 834 2320; x_wconf 90' lang='lat' dir='ltr'><strong>atque</strong></span> <span class='ocrx_word' id='word_1_189' title='bbox 861 2241 1043 2302; x_wconf 89' lang='lat' dir='ltr'><strong>humanitate</strong></span> <span class='ocrx_word' id='word_1_190' title='bbox 1067 2259 1244 2320; x_wconf 90' lang='lat' dir='ltr'><strong>numquam·</strong></span> <span class='ocrx_word' id='word_1_191' title='bbox 1258 2261 1328 2322; x_wconf 91' lang='lat' dir='ltr'><strong>pro-</strong></span> 
     </span>
    </p>

    <p class='ocr_par' dir='ltr' id='par_1_8' title="bbox 115 2328 1328 2498">
     <span class='ocr_line' id='line_1_24' title="bbox 115 2328 1328 2410; baseline 0.002 -20"><span class='ocrx_word' id='word_1_192' title='bbox 115 2328 230 2399; x_wconf 83' lang='lat' dir='ltr'><strong>3feoto</strong></span> <span class='ocrx_word' id='word_1_193' title='bbox 254 2338 334 2390; x_wconf 91' lang='lat' dir='ltr'><strong>esset</strong></span> <span class='ocrx_word' id='word_1_194' title='bbox 361 2330 507 2391; x_wconf 91' lang='lat' dir='ltr'><strong>illaturus.</strong></span> <span class='ocrx_word' id='word_1_195' title='bbox 552 2330 684 2390; x_wconf 71' lang='lat' dir='ltr'><strong>afflictas</strong></span> <span class='ocrx_word' id='word_1_196' title='bbox 711 2348 784 2410; x_wconf 88' lang='lat' dir='ltr'><strong>opes</strong></span> <span class='ocrx_word' id='word_1_197' title='bbox 806 2332 941 2410; x_wconf 89' lang='lat' dir='ltr'><strong>equestri</strong></span> <span class='ocrx_word' id='word_1_198' title='bbox 968 2328 1081 2409; x_wconf 88' lang='lat' dir='ltr'><strong>proebo</strong></span> <span class='ocrx_word' id='word_1_199' title='bbox 1104 2329 1328 2393; x_wconf 89' lang='lat' dir='ltr'><strong>Bellovacorum</strong></span> 
     </span>
     <span class='ocr_line' id='line_1_25' title="bbox 152 2417 1327 2498; baseline 0.003 -22"><span class='ocrx_word' id='word_1_200' title='bbox 152 2433 235 2496; x_wconf 86' lang='lat' dir='ltr'><strong>esse;</strong></span> <span class='ocrx_word' id='word_1_201' title='bbox 270 2417 455 2479; x_wconf 89' lang='lat' dir='ltr'><strong>delectorum</strong></span> <span class='ocrx_word' id='word_1_202' title='bbox 491 2418 625 2497; x_wconf 90' lang='lat' dir='ltr'><strong>peditum</strong></span> <span class='ocrx_word' id='word_1_203' title='bbox 658 2418 751 2480; x_wconf 90' lang='lat' dir='ltr'><strong>multa</strong></span> <span class='ocrx_word' id='word_1_204' title='bbox 786 2418 867 2479; x_wconf 92' lang='lat' dir='ltr'><strong>milia</strong></span> <span class='ocrx_word' id='word_1_205' title='bbox 902 2420 1056 2498; x_wconf 89' lang='lat' dir='ltr'><strong>interisse,</strong></span> <span class='ocrx_word' id='word_1_206' title='bbox 1092 2420 1141 2479; x_wconf 83' lang='lat' dir='ltr'><strong>vix</strong></span> <span class='ocrx_word' id='word_1_207' title='bbox 1179 2420 1327 2498; x_wconf 85' lang='lat' dir='ltr'><strong>refugisse</strong></span> 
     </span>
    </p>

    <p class='ocr_par' dir='ltr' id='par_1_9' title="bbox 114 2505 1376 2941">
     <span class='ocr_line' id='line_1_26' title="bbox 114 2505 1329 2588; baseline 0.002 -21"><span class='ocrx_word' id='word_1_208' title='bbox 114 2507 273 2567; x_wconf 71' lang='lat' dir='ltr'><strong>anuntios</strong></span> <span class='ocrx_word' id='word_1_209' title='bbox 306 2506 418 2588; x_wconf 76' lang='lat' dir='ltr'><strong>caedis3</strong></span> <span class='ocrx_word' id='word_1_210' title='bbox 454 2514 554 2567; x_wconf 88' lang='lat' dir='ltr'><strong>tamen</strong></span> <span class='ocrx_word' id='word_1_211' title='bbox 587 2525 739 2588; x_wconf 87' lang='lat' dir='ltr'><strong>magnum,</strong></span> <span class='ocrx_word' id='word_1_212' title='bbox 776 2515 810 2568; x_wconf 93' lang='lat' dir='ltr'><strong>nt</strong></span> <span class='ocrx_word' id='word_1_213' title='bbox 842 2510 873 2567; x_wconf 93' lang='lat' dir='ltr'><strong>in</strong></span> <span class='ocrx_word' id='word_1_214' title='bbox 905 2514 986 2567; x_wconf 88' lang='lat' dir='ltr'><strong>tanta</strong></span> <span class='ocrx_word' id='word_1_215' title='bbox 1018 2506 1197 2588; x_wconf 90' lang='lat' dir='ltr'><strong>calamitate,</strong></span> <span class='ocrx_word' id='word_1_216' title='bbox 1232 2505 1329 2569; x_wconf 85' lang='lat' dir='ltr'><strong>Bello·</strong></span> 
     </span>
     <span class='ocr_line' id='line_1_27' title="bbox 149 2595 1329 2677; baseline 0.005 -25"><span class='ocrx_word' id='word_1_217' title='bbox 149 2611 238 2654; x_wconf 91' lang='lat' dir='ltr'><strong>vacos</strong></span> <span class='ocrx_word' id='word_1_218' title='bbox 261 2613 297 2654; x_wconf 88' lang='lat' dir='ltr'><strong>eo</strong></span> <span class='ocrx_word' id='word_1_219' title='bbox 325 2595 438 2674; x_wconf 88' lang='lat' dir='ltr'><strong>proelio</strong></span> <span class='ocrx_word' id='word_1_220' title='bbox 463 2596 651 2657; x_wconf 90' lang='lat' dir='ltr'><strong>commodum</strong></span> <span class='ocrx_word' id='word_1_221' title='bbox 673 2614 739 2656; x_wconf 89' lang='lat' dir='ltr'><strong>esse</strong></span> <span class='ocrx_word' id='word_1_222' title='bbox 764 2601 956 2676; x_wconf 90' lang='lat' dir='ltr'><strong>consecutos,</strong></span> <span class='ocrx_word' id='word_1_223' title='bbox 983 2595 1063 2674; x_wconf 90' lang='lat' dir='ltr'><strong>quod</strong></span> <span class='ocrx_word' id='word_1_224' title='bbox 1087 2595 1230 2677; x_wconf 85' lang='lat' dir='ltr'><strong>Correus,</strong></span> <span class='ocrx_word' id='word_1_225' title='bbox 1258 2615 1329 2658; x_wconf 87' lang='lat' dir='ltr'><strong>auc·</strong></span> 
     </span>
     <span class='ocr_line' id='line_1_28' title="bbox 152 2682 1329 2765; baseline 0.003 -23"><span class='ocrx_word' id='word_1_226' title='bbox 152 2690 199 2743; x_wconf 94' lang='lat' dir='ltr'><strong>tor</strong></span> <span class='ocrx_word' id='word_1_227' title='bbox 235 2682 318 2764; x_wconf 91' lang='lat' dir='ltr'><strong>belli,</strong></span> <span class='ocrx_word' id='word_1_228' title='bbox 354 2687 518 2746; x_wconf 90' lang='lat' dir='ltr'><strong>concitator</strong></span> <span class='ocrx_word' id='word_1_229' title='bbox 555 2683 767 2765; x_wconf 89' lang='lat' dir='ltr'><strong>multitudinis,</strong></span> <span class='ocrx_word' id='word_1_230' title='bbox 804 2691 884 2744; x_wconf 88' lang='lat' dir='ltr'><strong>esset</strong></span> <span class='ocrx_word' id='word_1_231' title='bbox 919 2685 1105 2745; x_wconf 89' lang='lat' dir='ltr'><strong>interfectus.</strong></span> <span class='ocrx_word' id='word_1_232' title='bbox 1158 2683 1329 2764; x_wconf 88' lang='lat' dir='ltr'><strong>Numquam</strong></span> 
     </span>
     <span class='ocr_line' id='line_1_29' title="bbox 151 2772 1376 2854; baseline 0.003 -23"><span class='ocrx_word' id='word_1_233' title='bbox 151 2773 230 2832; x_wconf 92' lang='lat' dir='ltr'><strong>enim</strong></span> <span class='ocrx_word' id='word_1_234' title='bbox 249 2783 385 2834; x_wconf 91' lang='lat' dir='ltr'><strong>senatum</strong></span> <span class='ocrx_word' id='word_1_235' title='bbox 404 2781 520 2834; x_wconf 89' lang='lat' dir='ltr'><strong>tantum</strong></span> <span class='ocrx_word' id='word_1_236' title='bbox 543 2775 574 2833; x_wconf 90' lang='lat' dir='ltr'><strong>in</strong></span> <span class='ocrx_word' id='word_1_237' title='bbox 597 2775 714 2834; x_wconf 89' lang='lat' dir='ltr'><strong>civitate</strong></span> <span class='ocrx_word' id='word_1_238' title='bbox 738 2772 788 2833; x_wconf 91' lang='lat' dir='ltr'><strong>illo</strong></span> <span class='ocrx_word' id='word_1_239' title='bbox 808 2774 888 2846; x_wconf 91' lang='lat' dir='ltr'><strong>vivo,</strong></span> <span class='ocrx_word' id='word_1_240' title='bbox 912 2782 1056 2850; x_wconf 91' lang='lat' dir='ltr'><strong>quantum</strong></span> <span class='ocrx_word' id='word_1_241' title='bbox 1074 2775 1243 2851; x_wconf 89' lang='lat' dir='ltr'><strong>imperitam</strong></span> <span class='ocrx_word' id='word_1_242' title='bbox 1265 2774 1329 2854; x_wconf 90' lang='lat' dir='ltr'><strong>ple·</strong></span> <span class='ocrx_word' id='word_1_243' title='bbox 1373 2784 1376 2788; x_wconf 71' lang='grc'><strong><em>’</em></strong></span> 
     </span>
     <span class='ocr_line' id='line_1_30' title="bbox 149 2859 383 2941; baseline 0.017 -22"><span class='ocrx_word' id='word_1_244' title='bbox 149 2859 219 2920; x_wconf 91' lang='lat' dir='ltr'><strong>bem</strong></span> <span class='ocrx_word' id='word_1_245' title='bbox 241 2865 383 2941; x_wconf 90' lang='lat' dir='ltr'><strong>potuisse.</strong></span> 
     </span>
    </p>

    <p class='ocr_par' dir='ltr' id='par_1_10' title="bbox 150 2947 1330 3209">
     <span class='ocr_line' id='line_1_31' title="bbox 239 2947 1330 3030; baseline 0.001 -19"><span class='ocrx_word' id='word_1_246' title='bbox 239 2947 292 3011; x_wconf 72' lang='grc'><strong>22.</strong></span> <span class='ocrx_word' id='word_1_247' title='bbox 328 2950 408 3012; x_wconf 91' lang='lat' dir='ltr'><strong>Haec</strong></span> <span class='ocrx_word' id='word_1_248' title='bbox 431 2949 585 3011; x_wconf 90' lang='lat' dir='ltr'><strong>orantibus</strong></span> <span class='ocrx_word' id='word_1_249' title='bbox 608 2948 712 3028; x_wconf 85' lang='lat' dir='ltr'><strong>legatis</strong></span> <span class='ocrx_word' id='word_1_250' title='bbox 735 2957 948 3010; x_wconf 89' lang='lat' dir='ltr'><strong>commemorat</strong></span> <span class='ocrx_word' id='word_1_251' title='bbox 971 2948 1092 3030; x_wconf 87' lang='lat' dir='ltr'><strong>Caesar,</strong></span> <span class='ocrx_word' id='word_1_252' title='bbox 1120 2950 1225 3012; x_wconf 90' lang='lat' dir='ltr'><strong>eodem</strong></span> <span class='ocrx_word' id='word_1_253' title='bbox 1252 2959 1330 3012; x_wconf 89' lang='lat' dir='ltr'><strong>tem·</strong></span> 
     </span>
     <span class='ocr_line' id='line_1_32' title="bbox 150 3036 1330 3118; baseline 0.001 -20"><span class='ocrx_word' id='word_1_254' title='bbox 150 3056 224 3118; x_wconf 89' lang='lat' dir='ltr'><strong>pore</strong></span> <span class='ocrx_word' id='word_1_255' title='bbox 252 3042 408 3118; x_wconf 89' lang='lat' dir='ltr'><strong>superiore</strong></span> <span class='ocrx_word' id='word_1_256' title='bbox 437 3056 514 3099; x_wconf 91' lang='lat' dir='ltr'><strong>anno</strong></span> <span class='ocrx_word' id='word_1_257' title='bbox 537 3037 707 3099; x_wconf 79' lang='lat' dir='ltr'><strong>bellovacos</strong></span> <span class='ocrx_word' id='word_1_258' title='bbox 737 3046 911 3116; x_wconf 86' lang='lat' dir='ltr'><strong>ceterasque</strong></span> <span class='ocrx_word' id='word_1_259' title='bbox 936 3036 1045 3098; x_wconf 88' lang='lat' dir='ltr'><strong>Galliae</strong></span> <span class='ocrx_word' id='word_1_260' title='bbox 1069 3039 1202 3099; x_wconf 88' lang='lat' dir='ltr'><strong>civitates</strong></span> <span class='ocrx_word' id='word_1_261' title='bbox 1226 3056 1330 3100; x_wconf 92' lang='lat' dir='ltr'><strong>susce-</strong></span> 
     </span>
     <span class='ocr_line' id='line_1_33' title="bbox 150 3125 1329 3209; baseline 0.002 -23"><span class='ocrx_word' id='word_1_262' title='bbox 150 3129 231 3205; x_wconf 89' lang='lat' dir='ltr'><strong>pisse</strong></span> <span class='ocrx_word' id='word_1_263' title='bbox 254 3125 378 3209; x_wconf 82' lang='lat' dir='ltr'><strong>bellum3</strong></span> <span class='ocrx_word' id='word_1_264' title='bbox 401 3129 637 3207; x_wconf 87' lang='lat' dir='ltr'><strong>pertinacissime</strong></span> <span class='ocrx_word' id='word_1_265' title='bbox 660 3127 716 3187; x_wconf 92' lang='lat' dir='ltr'><strong>bos</strong></span> <span class='ocrx_word' id='word_1_266' title='bbox 739 3145 775 3188; x_wconf 83' lang='lat' dir='ltr'><strong>ex</strong></span> <span class='ocrx_word' id='word_1_267' title='bbox 798 3125 937 3188; x_wconf 89' lang='lat' dir='ltr'><strong>omuibus</strong></span> <span class='ocrx_word' id='word_1_268' title='bbox 959 3128 991 3187; x_wconf 91' lang='lat' dir='ltr'><strong>in</strong></span> <span class='ocrx_word' id='word_1_269' title='bbox 1015 3128 1163 3187; x_wconf 88' lang='lat' dir='ltr'><strong>sententia</strong></span> <span class='ocrx_word' id='word_1_270' title='bbox 1189 3145 1329 3206; x_wconf 87' lang='lat' dir='ltr'><strong>perman·</strong></span> 
     </span>
    </p>
   </div>
   <div class='ocr_carea' id='block_1_3' title="bbox 99 3313 1395 4451">
    <p class='ocr_par' dir='ltr' id='par_1_11' title="bbox 99 3313 1395 4451">
     <span class='ocr_line' id='line_1_34' title="bbox 149 3313 1330 3384; baseline 0.003 -17"><span class='ocrx_word' id='word_1_271' title='bbox 149 3313 252 3368; x_wconf 80' lang='lat' dir='ltr'><strong>Fluobt</strong></span> <span class='ocrx_word' id='word_1_272' title='bbox 274 3314 410 3370; x_wconf 77' lang='lat' dir='ltr'><strong>chabehan</strong></span> <span class='ocrx_word' id='word_1_273' title='bbox 432 3317 570 3384; x_wconf 86' lang='lat' dir='ltr'><strong>musston,</strong></span> <span class='ocrx_word' id='word_1_274' title='bbox 594 3316 712 3370; x_wconf 85' lang='lat' dir='ltr'><strong>suchten</strong></span> <span class='ocrx_word' id='word_1_275' title='bbox 801 3314 869 3384; x_wconf 80' lang='lat' dir='ltr'><strong>Gap.</strong></span> <span class='ocrx_word' id='word_1_276' title='bbox 888 3319 931 3370; x_wconf 82' lang='lat'><strong>20.</strong></span> <span class='ocrx_word' id='word_1_277' title='bbox 960 3320 983 3368; x_wconf 93' lang='lat'><strong>1.</strong></span> <span class='ocrx_word' id='word_1_278' title='bbox 1002 3314 1130 3369; x_wconf 85' lang='lat' dir='ltr'><strong>hostes:</strong></span> <span class='ocrx_word' id='word_1_279' title='bbox 1151 3314 1196 3369; x_wconf 86' lang='lat' dir='ltr'><strong>die</strong></span> <span class='ocrx_word' id='word_1_280' title='bbox 1215 3314 1255 3369; x_wconf 93' lang='lat' dir='ltr'><strong>im</strong></span> <span class='ocrx_word' id='word_1_281' title='bbox 1275 3315 1330 3370; x_wconf 84' lang='lat' dir='ltr'><strong>La.-</strong></span> 
     </span>
     <span class='ocr_line' id='line_1_35' title="bbox 150 3383 1331 3456; baseline 0.004 -19"><span class='ocrx_word' id='word_1_282' title='bbox 150 3384 191 3438; x_wconf 87' lang='lat' dir='ltr'><strong>sie</strong></span> <span class='ocrx_word' id='word_1_283' title='bbox 214 3384 342 3439; x_wconf 89' lang='lat' dir='ltr'><strong>donnoch</strong></span> <span class='ocrx_word' id='word_1_284' title='bbox 361 3404 387 3443; x_wconf 87' lang='lat' dir='ltr'><strong>n.</strong></span> <span class='ocrx_word' id='word_1_285' title='bbox 408 3403 429 3442; x_wconf 85' lang='lat' dir='ltr'><strong>s.</strong></span> <span class='ocrx_word' id='word_1_286' title='bbox 447 3406 481 3442; x_wconf 85' lang='lat' dir='ltr'><strong>w.</strong></span> <span class='ocrx_word' id='word_1_287' title='bbox 502 3419 535 3426; x_wconf 98' lang='lat'>—</span> <span class='ocrx_word' id='word_1_288' title='bbox 559 3389 712 3442; x_wconf 87' lang='lat' dir='ltr'><strong>conster·</strong></span> <span class='ocrx_word' id='word_1_289' title='bbox 764 3403 815 3456; x_wconf 85' lang='lat' dir='ltr'><strong>ger</strong></span> <span class='ocrx_word' id='word_1_290' title='bbox 837 3383 1128 3454; x_wconf 82' lang='lat' dir='ltr'><strong>aurtickgebliebonen</strong></span> <span class='ocrx_word' id='word_1_291' title='bbox 1145 3385 1331 3442; x_wconf 84' lang='lat' dir='ltr'><strong>Bellovaken.</strong></span> 
     </span>
     <span class='ocr_line' id='line_1_36' title="bbox 149 3455 1330 3525; baseline 0.002 -16"><span class='ocrx_word' id='word_1_292' title='bbox 149 3455 224 3509; x_wconf 85' lang='lat' dir='ltr'><strong>nati</strong></span> <span class='ocrx_word' id='word_1_293' title='bbox 250 3457 361 3511; x_wconf 73' lang='lat' dir='ltr'><strong>anthalt</strong></span> <span class='ocrx_word' id='word_1_294' title='bbox 388 3457 433 3512; x_wconf 87' lang='lat' dir='ltr'><strong>die</strong></span> <span class='ocrx_word' id='word_1_295' title='bbox 459 3457 547 3525; x_wconf 81' lang='lat' dir='ltr'><strong>Folge</strong></span> <span class='ocrx_word' id='word_1_296' title='bbox 574 3474 630 3512; x_wconf 90' lang='lat' dir='ltr'><strong>von</strong></span> <span class='ocrx_word' id='word_1_297' title='bbox 657 3458 712 3513; x_wconf 88' lang='lat' dir='ltr'><strong>den</strong></span> <span class='ocrx_word' id='word_1_298' title='bbox 766 3456 925 3511; x_wconf 88' lang='lat' dir='ltr'><strong>—locum</strong></span> <span class='ocrx_word' id='word_1_299' title='bbox 944 3457 1147 3511; x_wconf 83' lang='lat' dir='ltr'><strong>castrorum:</strong></span> <span class='ocrx_word' id='word_1_300' title='bbox 1163 3475 1184 3511; x_wconf 87' lang='lat' dir='ltr'><strong>s.</strong></span> <span class='ocrx_word' id='word_1_301' title='bbox 1200 3474 1223 3512; x_wconf 94' lang='lat' dir='ltr'><strong>c.</strong></span> <span class='ocrx_word' id='word_1_302' title='bbox 1239 3463 1330 3513; x_wconf 80' lang='lat' dir='ltr'><strong>lo.-</strong></span> 
     </span>
     <span class='ocr_line' id='line_1_37' title="bbox 149 3524 1331 3585; baseline 0.006 -7"><span class='ocrx_word' id='word_1_303' title='bbox 149 3524 281 3581; x_wconf 87' lang='lat' dir='ltr'><strong>Worten:</strong></span> <span class='ocrx_word' id='word_1_304' title='bbox 294 3526 364 3582; x_wconf 86' lang='lat' dir='ltr'><strong>victi</strong></span> <span class='ocrx_word' id='word_1_305' title='bbox 375 3559 408 3567; x_wconf 78' lang='lat'><em>-</em></span> <span class='ocrx_word' id='word_1_306' title='bbox 423 3530 533 3583; x_wconf 85' lang='lat' dir='ltr'><strong>amissa.</strong></span> <span class='ocrx_word' id='word_1_307' title='bbox 550 3558 583 3566; x_wconf 94' lang='lat'><em>-</em></span> <span class='ocrx_word' id='word_1_308' title='bbox 598 3534 712 3582; x_wconf 90' lang='lat' dir='ltr'><strong>8.·cum</strong></span> <span class='ocrx_word' id='word_1_309' title='bbox 766 3528 881 3583; x_wconf 84' lang='lat' dir='ltr'><strong>caede:</strong></span> <span class='ocrx_word' id='word_1_310' title='bbox 897 3526 1098 3583; x_wconf 84' lang='lat' dir='ltr'><strong>Schlaohtfeld</strong></span> <span class='ocrx_word' id='word_1_311' title='bbox 1114 3558 1147 3567; x_wconf 96' lang='lat'>-</span> <span class='ocrx_word' id='word_1_312' title='bbox 1165 3526 1331 3585; x_wconf 87' lang='lat' dir='ltr'><strong>flumine:</strong></span> 
     </span>
     <span class='ocr_line' id='line_1_38' title="bbox 149 3595 1332 3668; baseline 0.003 -17"><span class='ocrx_word' id='word_1_313' title='bbox 149 3595 302 3652; x_wconf 88' lang='lat' dir='ltr'><strong>interim:</strong></span> <span class='ocrx_word' id='word_1_314' title='bbox 321 3615 384 3652; x_wconf 88' lang='lat' dir='ltr'><strong>cum</strong></span> <span class='ocrx_word' id='word_1_315' title='bbox 404 3597 580 3668; x_wconf 82' lang='lat' dir='ltr'><strong>‚,wahrand“.</strong></span> <span class='ocrx_word' id='word_1_316' title='bbox 600 3629 633 3637; x_wconf 88' lang='lat'><em>-</em></span> <span class='ocrx_word' id='word_1_317' title='bbox 652 3598 711 3651; x_wconf 84' lang='lat' dir='ltr'><strong>ad·</strong></span> <span class='ocrx_word' id='word_1_318' title='bbox 766 3597 828 3668; x_wconf 86' lang='lat' dir='ltr'><strong>„die</strong></span> <span class='ocrx_word' id='word_1_319' title='bbox 843 3598 935 3668; x_wconf 82' lang='lat' dir='ltr'><strong>Aiane,</strong></span> <span class='ocrx_word' id='word_1_320' title='bbox 955 3598 1007 3653; x_wconf 86' lang='lat' dir='ltr'><strong>auf</strong></span> <span class='ocrx_word' id='word_1_321' title='bbox 1022 3597 1107 3652; x_wconf 86' lang='lat' dir='ltr'><strong>deren</strong></span> <span class='ocrx_word' id='word_1_322' title='bbox 1120 3598 1246 3653; x_wconf 86' lang='lat' dir='ltr'><strong>rechtem</strong></span> <span class='ocrx_word' id='word_1_323' title='bbox 1261 3599 1332 3655; x_wconf 84' lang='lat' dir='ltr'><strong>Ufer</strong></span> 
     </span>
     <span class='ocr_line' id='line_1_39' title="bbox 150 3668 1330 3741; baseline 0.003 -19"><span class='ocrx_word' id='word_1_324' title='bbox 150 3668 229 3724; x_wconf 89' lang='lat' dir='ltr'><strong>duci</strong></span> <span class='ocrx_word' id='word_1_325' title='bbox 251 3669 383 3740; x_wconf 83' lang='lat' dir='ltr'><strong>potnit:</strong></span> <span class='ocrx_word' id='word_1_326' title='bbox 407 3670 479 3724; x_wconf 88' lang='lat' dir='ltr'><strong>auch</strong></span> <span class='ocrx_word' id='word_1_327' title='bbox 497 3668 593 3723; x_wconf 82' lang='lat' dir='ltr'><strong>hieran</strong></span> <span class='ocrx_word' id='word_1_328' title='bbox 610 3670 712 3739; x_wconf 82' lang='lat' dir='ltr'><strong>gahbrt</strong></span> <span class='ocrx_word' id='word_1_329' title='bbox 766 3669 851 3725; x_wconf 70' lang='lat' dir='ltr'><strong>Casan</strong></span> <span class='ocrx_word' id='word_1_330' title='bbox 869 3686 960 3741; x_wconf 82' lang='lat' dir='ltr'><strong>gagen</strong></span> <span class='ocrx_word' id='word_1_331' title='bbox 977 3669 1034 3724; x_wconf 90' lang='lat' dir='ltr'><strong>den</strong></span> <span class='ocrx_word' id='word_1_332' title='bbox 1047 3669 1122 3739; x_wconf 85' lang='lat' dir='ltr'><strong>Berg</strong></span> <span class='ocrx_word' id='word_1_333' title='bbox 1135 3668 1263 3725; x_wconf 73' lang='lat' dir='ltr'><strong>Ganelon</strong></span> <span class='ocrx_word' id='word_1_334' title='bbox 1278 3687 1330 3726; x_wconf 86' lang='lat' dir='ltr'><strong>an-</strong></span> 
     </span>
     <span class='ocr_line' id='line_1_40' title="bbox 150 3739 1332 3811; baseline 0.001 -15"><span class='ocrx_word' id='word_1_335' title='bbox 150 3739 196 3797; x_wconf 87' lang='lat' dir='ltr'><strong>die</strong></span> <span class='ocrx_word' id='word_1_336' title='bbox 221 3739 251 3794; x_wconf 90' lang='lat' dir='ltr'><strong>in</strong></span> <span class='ocrx_word' id='word_1_337' title='bbox 276 3741 341 3795; x_wconf 88' lang='lat' dir='ltr'><strong>dem</strong></span> <span class='ocrx_word' id='word_1_338' title='bbox 363 3739 610 3811; x_wconf 81' lang='lat' dir='ltr'><strong>vorhergehenden</strong></span> <span class='ocrx_word' id='word_1_339' title='bbox 633 3741 712 3796; x_wconf 87' lang='lat' dir='ltr'><strong>nulla</strong></span> <span class='ocrx_word' id='word_1_340' title='bbox 764 3741 891 3798; x_wconf 78' lang='lat' dir='ltr'><strong>rtickte.“</strong></span> <span class='ocrx_word' id='word_1_341' title='bbox 918 3772 951 3780; x_wconf 90' lang='lat'>-</span> <span class='ocrx_word' id='word_1_342' title='bbox 974 3747 999 3795; x_wconf 79' lang='lat'><strong>2.</strong></span> <span class='ocrx_word' id='word_1_343' title='bbox 1029 3741 1135 3810; x_wconf 86' lang='lat' dir='ltr'><strong>atquo</strong></span> <span class='ocrx_word' id='word_1_344' title='bbox 1162 3739 1228 3794; x_wconf 87' lang='lat' dir='ltr'><strong>his:</strong></span> <span class='ocrx_word' id='word_1_345' title='bbox 1258 3741 1332 3797; x_wconf 77' lang='lat' dir='ltr'><strong>iiber</strong></span> 
     </span>
     <span class='ocr_line' id='line_1_41' title="bbox 149 3809 1330 3882; baseline 0.004 -18"><span class='ocrx_word' id='word_1_346' title='bbox 149 3809 279 3881; x_wconf 80' lang='lat' dir='ltr'><strong>liegendo</strong></span> <span class='ocrx_word' id='word_1_347' title='bbox 302 3811 456 3882; x_wconf 84' lang='lat' dir='ltr'><strong>Negation3</strong></span> <span class='ocrx_word' id='word_1_348' title='bbox 485 3812 593 3866; x_wconf 87' lang='lat' dir='ltr'><strong>sodann</strong></span> <span class='ocrx_word' id='word_1_349' title='bbox 615 3811 711 3866; x_wconf 87' lang='lat' dir='ltr'><strong>merka</strong></span> <span class='ocrx_word' id='word_1_350' title='bbox 765 3812 808 3866; x_wconf 87' lang='lat' dir='ltr'><strong>his</strong></span> <span class='ocrx_word' id='word_1_351' title='bbox 832 3829 852 3866; x_wconf 85' lang='lat' dir='ltr'><strong>s.</strong></span> <span class='ocrx_word' id='word_1_352' title='bbox 876 3819 906 3880; x_wconf 80' lang='lat'><strong>3,</strong></span> <span class='ocrx_word' id='word_1_353' title='bbox 931 3818 965 3866; x_wconf 78' lang='lat'><strong>14</strong></span> <span class='ocrx_word' id='word_1_354' title='bbox 987 3811 1075 3867; x_wconf 86' lang='lat' dir='ltr'><strong>Ende.</strong></span> <span class='ocrx_word' id='word_1_355' title='bbox 1099 3841 1134 3851; x_wconf 92' lang='lat'><strong>-·</strong></span> <span class='ocrx_word' id='word_1_356' title='bbox 1157 3810 1209 3865; x_wconf 89' lang='lat' dir='ltr'><strong>Die</strong></span> <span class='ocrx_word' id='word_1_357' title='bbox 1227 3812 1330 3869; x_wconf 86' lang='lat' dir='ltr'><strong>Worte</strong></span> 
     </span>
     <span class='ocr_line' id='line_1_42' title="bbox 150 3881 1333 3941; baseline 0.004 -5"><span class='ocrx_word' id='word_1_358' title='bbox 150 3881 196 3937; x_wconf 90' lang='lat' dir='ltr'><strong>die</strong></span> <span class='ocrx_word' id='word_1_359' title='bbox 224 3881 420 3939; x_wconf 74' lang='lat' dir='ltr'><strong>construction</strong></span> <span class='ocrx_word' id='word_1_360' title='bbox 447 3900 503 3939; x_wconf 91' lang='lat' dir='ltr'><strong>von</strong></span> <span class='ocrx_word' id='word_1_361' title='bbox 530 3882 632 3938; x_wconf 86' lang='lat' dir='ltr'><strong>adduci</strong></span> <span class='ocrx_word' id='word_1_362' title='bbox 658 3882 712 3938; x_wconf 90' lang='lat' dir='ltr'><strong>mit</strong></span> <span class='ocrx_word' id='word_1_363' title='bbox 766 3899 804 3938; x_wconf 87' lang='lat' dir='ltr'><strong>co</strong></span> <span class='ocrx_word' id='word_1_364' title='bbox 833 3882 908 3938; x_wconf 88' lang='lat' dir='ltr'><strong>nita</strong></span> <span class='ocrx_word' id='word_1_365' title='bbox 926 3884 1129 3939; x_wconf 78' lang='lat' dir='ltr'><strong>calamitate</strong></span> <span class='ocrx_word' id='word_1_366' title='bbox 1147 3881 1209 3937; x_wconf 86' lang='lat' dir='ltr'><strong>sind</strong></span> <span class='ocrx_word' id='word_1_367' title='bbox 1223 3884 1333 3941; x_wconf 87' lang='lat' dir='ltr'><strong>unecbt</strong></span> 
     </span>
     <span class='ocr_line' id='line_1_43' title="bbox 149 3900 1387 4019; baseline 0.003 -13"><span class='ocrx_word' id='word_1_368' title='bbox 149 3952 215 4019; x_wconf 84' lang='lat' dir='ltr'><strong>Inf.;</strong></span> <span class='ocrx_word' id='word_1_369' title='bbox 235 3972 257 4010; x_wconf 90' lang='lat' dir='ltr'><strong>o.</strong></span> <span class='ocrx_word' id='word_1_370' title='bbox 274 3961 307 4008; x_wconf 81' lang='lat'><strong>12</strong></span> <span class='ocrx_word' id='word_1_371' title='bbox 322 3955 399 4011; x_wconf 86' lang='lat' dir='ltr'><strong>steht</strong></span> <span class='ocrx_word' id='word_1_372' title='bbox 412 3953 474 4010; x_wconf 88' lang='lat' dir='ltr'><strong>eine</strong></span> <span class='ocrx_word' id='word_1_373' title='bbox 493 3953 623 4010; x_wconf 77' lang='lat' dir='ltr'><strong>thulicho</strong></span> <span class='ocrx_word' id='word_1_374' title='bbox 641 3953 712 4009; x_wconf 83' lang='lat' dir='ltr'><strong>Con·</strong></span> <span class='ocrx_word' id='word_1_375' title='bbox 765 3900 828 4006; x_wconf 74' lang='lat' dir='ltr'><strong>und</strong></span> <span class='ocrx_word' id='word_1_376' title='bbox 842 3953 1022 4008; x_wconf 82' lang='lat' dir='ltr'><strong>unnbersetzt</strong></span> <span class='ocrx_word' id='word_1_377' title='bbox 1039 3972 1074 4010; x_wconf 83' lang='lat' dir='ltr'><strong>au</strong></span> <span class='ocrx_word' id='word_1_378' title='bbox 1090 3955 1190 4010; x_wconf 79' lang='lat' dir='ltr'><strong>lamen.</strong></span> <span class='ocrx_word' id='word_1_379' title='bbox 1380 3956 1387 3971; x_wconf 86' lang='lat'><strong><em>‘</em></strong></span> 
     </span>
     <span class='ocr_line' id='line_1_44' title="bbox 150 4023 712 4082; baseline 0 -4"><span class='ocrx_word' id='word_1_380' title='bbox 150 4026 295 4081; x_wconf 81' lang='lat' dir='ltr'><strong>struction.</strong></span> <span class='ocrx_word' id='word_1_381' title='bbox 328 4028 431 4082; x_wconf 80' lang='lat' dir='ltr'><strong>Ferner</strong></span> <span class='ocrx_word' id='word_1_382' title='bbox 448 4026 560 4081; x_wconf 73' lang='lat' dir='ltr'><strong>enthdlt</strong></span> <span class='ocrx_word' id='word_1_383' title='bbox 577 4025 628 4080; x_wconf 86' lang='lat' dir='ltr'><strong>der</strong></span> <span class='ocrx_word' id='word_1_384' title='bbox 647 4023 712 4078; x_wconf 78' lang='lat' dir='ltr'><strong>Sata</strong></span> 
     </span>
     <span class='ocr_line' id='line_1_45' title="bbox 151 4093 1331 4167; baseline 0.003 -19"><span class='ocrx_word' id='word_1_385' title='bbox 151 4094 710 4167; x_wconf 78' lang='lat' dir='ltr'><strong>einBeispialfiirdiebebrevonquin3</strong></span> <span class='ocrx_word' id='word_1_386' title='bbox 807 4093 875 4163; x_wconf 80' lang='lat' dir='ltr'><strong>Cap.</strong></span> <span class='ocrx_word' id='word_1_387' title='bbox 902 4099 946 4149; x_wconf 77' lang='lat'><strong>21.</strong></span> <span class='ocrx_word' id='word_1_388' title='bbox 988 4101 1012 4148; x_wconf 81' lang='lat'><strong>2.</strong></span> <span class='ocrx_word' id='word_1_389' title='bbox 1040 4093 1205 4164; x_wconf 83' lang='lat' dir='ltr'><strong>integris:</strong></span> <span class='ocrx_word' id='word_1_390' title='bbox 1237 4113 1331 4167; x_wconf 83' lang='lat' dir='ltr'><strong>unge-</strong></span> 
     </span>
     <span class='ocr_line' id='line_1_46' title="bbox 150 4165 1395 4239; baseline 0.002 -18"><span class='ocrx_word' id='word_1_391' title='bbox 150 4166 272 4223; x_wconf 87' lang='lat' dir='ltr'><strong>dormit</strong></span> <span class='ocrx_word' id='word_1_392' title='bbox 290 4168 359 4238; x_wconf 88' lang='lat' dir='ltr'><strong>quin</strong></span> <span class='ocrx_word' id='word_1_393' title='bbox 377 4167 636 4239; x_wconf 81' lang='lat' dir='ltr'><strong>eingeleitateSata</strong></span> <span class='ocrx_word' id='word_1_394' title='bbox 655 4168 715 4221; x_wconf 84' lang='lat' dir='ltr'><strong>ont</strong></span> <span class='ocrx_word' id='word_1_395' title='bbox 770 4165 957 4220; x_wconf 76' lang='lat' dir='ltr'><strong>sohwi&#39;achton.</strong></span> <span class='ocrx_word' id='word_1_396' title='bbox 986 4195 1020 4204; x_wconf 76' lang='lat'><strong>-</strong></span> <span class='ocrx_word' id='word_1_397' title='bbox 1047 4171 1073 4219; x_wconf 85' lang='lat'><strong>3.</strong></span> <span class='ocrx_word' id='word_1_398' title='bbox 1100 4167 1137 4219; x_wconf 87' lang='lat' dir='ltr'><strong>ut</strong></span> <span class='ocrx_word' id='word_1_399' title='bbox 1162 4165 1197 4220; x_wconf 91' lang='lat' dir='ltr'><strong>in</strong></span> <span class='ocrx_word' id='word_1_400' title='bbox 1227 4169 1331 4224; x_wconf 79' lang='lat' dir='ltr'><strong>tanta</strong></span> <span class='ocrx_word' id='word_1_401' title='bbox 1386 4211 1395 4234; x_wconf 83' lang='lat'>.</span> 
     </span>
     <span class='ocr_line' id='line_1_47' title="bbox 99 4235 1329 4308; baseline 0.004 -18"><span class='ocrx_word' id='word_1_402' title='bbox 99 4255 101 4260; x_wconf 66' lang='grc'>’</span> <span class='ocrx_word' id='word_1_403' title='bbox 149 4235 213 4292; x_wconf 79' lang='lat' dir='ltr'><strong>halt</strong></span> <span class='ocrx_word' id='word_1_404' title='bbox 230 4239 276 4293; x_wconf 87' lang='lat' dir='ltr'><strong>dia</strong></span> <span class='ocrx_word' id='word_1_405' title='bbox 295 4240 426 4308; x_wconf 83' lang='lat' dir='ltr'><strong>Angabe,</strong></span> <span class='ocrx_word' id='word_1_406' title='bbox 447 4255 548 4294; x_wconf 80' lang='lat' dir='ltr'><strong>weron</strong></span> <span class='ocrx_word' id='word_1_407' title='bbox 567 4238 627 4292; x_wconf 87' lang='lat' dir='ltr'><strong>sich</strong></span> <span class='ocrx_word' id='word_1_408' title='bbox 646 4237 713 4294; x_wconf 80' lang='lat' dir='ltr'><strong>Cor·</strong></span> <span class='ocrx_word' id='word_1_409' title='bbox 767 4235 983 4292; x_wconf 67' lang='lat' dir='ltr'><strong>calamitate:</strong></span> <span class='ocrx_word' id='word_1_410' title='bbox 997 4235 1329 4295; x_wconf 84' lang='lat' dir='ltr'><strong>inwievveitbaiainam</strong></span> 
     </span>
     <span class='ocr_line' id='line_1_48' title="bbox 112 4304 1331 4377; baseline 0.003 -15"><span class='ocrx_word' id='word_1_411' title='bbox 112 4310 116 4314; x_wconf 68' lang='grc'><em>”</em></span> <span class='ocrx_word' id='word_1_412' title='bbox 149 4323 222 4377; x_wconf 71' lang='lat' dir='ltr'><strong>nens,</strong></span> <span class='ocrx_word' id='word_1_413' title='bbox 240 4310 291 4363; x_wconf 88' lang='lat' dir='ltr'><strong>dor</strong></span> <span class='ocrx_word' id='word_1_414' title='bbox 304 4310 354 4365; x_wconf 86' lang='lat' dir='ltr'><strong>das</strong></span> <span class='ocrx_word' id='word_1_415' title='bbox 369 4309 479 4365; x_wconf 84' lang='lat' dir='ltr'><strong>Troffen</strong></span> <span class='ocrx_word' id='word_1_416' title='bbox 492 4309 573 4365; x_wconf 87' lang='lat' dir='ltr'><strong>nicht</strong></span> <span class='ocrx_word' id='word_1_417' title='bbox 586 4308 710 4376; x_wconf 73' lang='lat' dir='ltr'><strong>veniisse,</strong></span> <span class='ocrx_word' id='word_1_418' title='bbox 767 4324 798 4362; x_wconf 87' lang='lat' dir='ltr'><strong>so</strong></span> <span class='ocrx_word' id='word_1_419' title='bbox 849 4323 930 4362; x_wconf 84' lang='lat' dir='ltr'><strong>ossen</strong></span> <span class='ocrx_word' id='word_1_420' title='bbox 948 4304 1079 4376; x_wconf 80' lang='lat' dir='ltr'><strong>Unglvick</strong></span> <span class='ocrx_word' id='word_1_421' title='bbox 1096 4306 1169 4360; x_wconf 91' lang='lat' dir='ltr'><strong>noch</strong></span> <span class='ocrx_word' id='word_1_422' title='bbox 1187 4323 1242 4363; x_wconf 91' lang='lat' dir='ltr'><strong>von</strong></span> <span class='ocrx_word' id='word_1_423' title='bbox 1256 4309 1331 4366; x_wconf 89' lang='lat' dir='ltr'><strong>Vor-</strong></span> 
     </span>
     <span class='ocr_line' id='line_1_49' title="bbox 150 4325 1192 4451; baseline 0.002 -20"><span class='ocrx_word' id='word_1_424' title='bbox 150 4378 230 4433; x_wconf 88' lang='lat' dir='ltr'><strong>nicht</strong></span> <span class='ocrx_word' id='word_1_425' title='bbox 248 4380 404 4451; x_wconf 83' lang='lat' dir='ltr'><strong>abbringen</strong></span> <span class='ocrx_word' id='word_1_426' title='bbox 421 4380 495 4438; x_wconf 79' lang='lat' dir='ltr'><strong>lieaa</strong></span> <span class='ocrx_word' id='word_1_427' title='bbox 764 4325 899 4433; x_wconf 47' lang='lat' dir='ltr'><strong>,heffdie</strong></span> <span class='ocrx_word' id='word_1_428' title='bbox 917 4377 995 4432; x_wconf 84' lang='lat' dir='ltr'><strong>Rode</strong></span> <span class='ocrx_word' id='word_1_429' title='bbox 1008 4376 1073 4450; x_wconf 37' lang='lat' dir='ltr'><strong>,vein</strong></span> <span class='ocrx_word' id='word_1_430' title='bbox 1090 4377 1192 4434; x_wconf 76' lang='lat' dir='ltr'><strong>bonne.</strong></span> 
     </span>
    </p>
   </div>
   <div class='ocr_carea' id='block_1_4' title="bbox 640 4509 843 4516">
    <p class='ocr_par' dir='ltr' id='par_1_12' title="bbox 640 4509 843 4516">
     <span class='ocr_line' id='line_1_50' title="bbox 640 4509 843 4516; baseline 0.01 -2"><span class='ocrx_word' id='word_1_431' title='bbox 640 4510 641 4514; x_wconf 62' lang='lat'><strong>.</strong></span> <span class='ocrx_word' id='word_1_432' title='bbox 839 4509 843 4516; x_wconf 77' lang='grc' dir='ltr'><em>ι</em></span> 
     </span>
    </p>
   </div>
   <div class='ocr_carea' id='block_1_5' title="bbox 0 0 1409 4778">
    <p class='ocr_par' dir='ltr' id='par_1_13' title="bbox 0 0 1409 4778">
     <span class='ocr_line' id='line_1_51' title="bbox 0 0 1409 4778; baseline 0 0"><span class='ocrx_word' id='word_1_433' title='bbox 0 0 1409 4778; x_wconf 95' lang='lat' dir='ltr'><strong> </strong></span> 
     </span>
    </p>
   </div>
  </div>
 </body>
</html>
