2804 4778
498 217 567 272 ΜΒ.
586 218 659 274 vul.
689 217 765 273 cAP.
786 224 881 274 a-ro.
1213 220 1279 286 273

98 385 203 444 dinem
230 383 372 463 depressa
400 401 489 462 quam
516 383 574 444 late
602 391 722 463 patente
746 392 842 445 castra
866 386 972 447 castris
995 385 1127 448 hostium
1151 387 1277 449 confert.

101 471 182 532 Haec
204 474 331 550 imperat
353 471 427 530 vallo
450 472 559 550 pedum
583 470 637 531 llll
662 475 785 546 muniri,
812 472 967 534 loriculam
995 492 1049 553 pro
1077 474 1132 535 hac
1161 477 1314 537 rationes

98 562 168 621 eins
194 559 360 621 altitudinis
391 559 593 641 inaedificari:
618 562 729 622 fossam
756 560 904 640 duplicem
931 562 1042 642 pedum
1071 563 1180 641 denum
1211 567 1275 642 qui·

101 668 176 710 unm
202 647 346 709 lateribus
373 648 501 728 deprimi
528 649 661 730 directis3
694 651 787 710 turris
815 652 939 712 excitari
966 651 1087 712 crebras
1115 654 1146 711 in
1177 652 1313 715 altitu-t

100 737 203 797 dinem
230 735 272 796 lll
299 736 512 823 tabulatorum,
543 737 685 817 pontibus
712 740 844 800 traiectis
878 742 1096 818 constratisque
1127 743 1277 820 coniungi,

101 843 232 904 quorum
255 825 369 886 frontes
389 827 515 886 viminea
533 825 657 889 loricula
675 829 879 888 munirentur:
902 836 936 888 ut
954 828 990 888 ab
1010 827 1146 889 hostibus
1165 829 1277 909 duplici

100 915 195 996 fossa,
223 912 335 993 duplici
357 925 613 993 propugnatorum
640 916 744 978 ordine
771 915 1018 999 defenderentur,
1047 935 1176 996 quornm
1203 917 1277 978 alter

100 1021 138 1063 er
167 1001 321 1085 pontibus,
349 1021 408 1082 quo
432 1005 525 1064 tutior
549 1004 704 1065 altitudine
728 1012 820 1078 esset,
849 1004 906 1065 hoe
935 1005 1076 1066 audacius
1098 1005 1276 1084 longiusque

101 1093 291 1170 permitteret
313 1091 384 1172 tela,
407 1091 491 1171 alter,
514 1094 566 1171 qui
588 1094 711 1172 propior
734 1092 850 1154 hostem
873 1095 904 1154 in
927 1096 992 1173 ipso
1016 1095 1090 1154 vallo
1113 1094 1276 1156 collocatus

99 1187 196 1261 esset,
219 1189 310 1258 ponte
334 1179 370 1240 ab
393 1179 594 1242 incidentibus
618 1181 684 1242 telis
708 1190 869 1260 tegeretur.
915 1182 1014 1244 Portis
1037 1184 1117 1244 iores
1141 1182 1275 1244 altiores-

100 1286 162 1347 que
187 1276 287 1329 turres
310 1269 460 1347 imposuit.

195 1353 244 1416 10.
268 1355 364 1417 llnius
382 1360 557 1419 munitionis
581 1358 688 1437 duplex
711 1367 775 1420 erat
798 1358 963 1419 consilium.
1000 1357 1132 1439 Namque
1153 1369 1183 1421 et
1206 1379 1275 1440 ope·

102 1463 172 1505 rum
200 1446 435 1524 magnitudinem
463 1454 493 1508 et
520 1449 658 1508 timorem
686 1465 774 1509 suum
801 1447 940 1527 sperabat
971 1447 1108 1511 fiduciam
1141 1448 1277 1510 barbaris

98 1532 271 1616 allaturum,
293 1543 336 1615 et,
360 1552 429 1594 cum
452 1534 625 1614 pabulatum
647 1537 921 1615 frumentatumque
944 1536 1061 1615 longius
1086 1545 1165 1598 esset
1187 1539 1276 1617 proli·

101 1622 290 1697 oiscendum,
317 1625 417 1702 parvis
448 1626 542 1705 copiis
569 1634 666 1686 castra
692 1626 857 1687 munitione
885 1627 950 1704 ipsa
966 1624 1090 1686 vvidebat
1112 1644 1200 1704 posse
1225 1626 1274 1687 de-

100 1711 191 1771 fendi.
232 1710 357 1772 Interim
379 1712 486 1774 crebro
514 1715 618 1793 paucis
641 1715 792 1793 utrimque
819 1712 1069 1792 procurrentibus
1098 1715 1177 1775 inter
1206 1714 1310 1779 binae

97 1806 199 1860 castra
222 1799 329 1878 palude
353 1801 512 1864 interiecta
535 1800 782 1882 contendebatur3
811 1820 900 1880 quam
922 1810 1021 1864 tamen
1039 1802 1179 1881 paludem
1201 1822 1273 1864 non·

100 1906 265 1967 numquam
293 1896 344 1951 aut
373 1898 475 1951 nostra
502 1889 610 1951 auxilia
632 1888 783 1952 Gallorum
806 1889 1081 1969 Germanorumque
1109 1890 1276 1953 transibant

98 1978 261 2054 acriusque
289 1976 391 2038 hostes
417 1978 665 2060 insequebantur,
692 1987 743 2039 aut
771 1979 902 2039 vicissim
929 1979 1031 2040 hostes
1054 1979 1157 2040 eadem
1180 1988 1276 2040 trans·

101 2067 198 2144 gressi
228 2073 348 2125 nostros
378 2065 495 2145 lougius
528 2066 750 2128 submonebant.
801 2065 960 2128 Accidebat
989 2075 1089 2128 autem
1119 2067 1311 2132 cotidianiss

99 2152 349 2232 pabulationibus,
373 2149 418 2237 (id
441 2156 521 2234 quod
543 2156 679 2217 accidere
697 2164 763 2216 erat
780 2172 913 2236 necesse,
937 2174 1004 2216 cum
1028 2157 1104 2216 raris
1128 2156 1274 2217 disiectis·

99 2260 160 2320 que
179 2261 216 2302 ex
234 2243 376 2305 aediliciis
394 2243 536 2323 pabulum
555 2236 808 2324 conquireretur‚)
831 2251 866 2305 nt
883 2244 1033 2323 impeditis
1055 2243 1128 2306 locis
1148 2244 1277 2323 dispersi

100 2329 291 2412 pabulatores
318 2333 620 2414 circumvenirentur3
650 2351 725 2411 quae
753 2351 817 2411 res,
846 2335 904 2393 etsi
934 2333 1082 2394 mediocre
1115 2333 1312 2398 detrimen-4

102 2426 167 2479 tum
190 2422 394 2482 iumentorum
418 2440 451 2482 ac
479 2439 634 2483 servorum
657 2423 768 2483 nostris
792 2420 947 2502 afferebat,
974 2428 1073 2482 tamen
1096 2422 1204 2485 stultus
1227 2441 1275 2483 co-

98 2510 259 2587 gitatioues
287 2509 430 2571 incitabat
456 2509 665 2592 barbarorum,
693 2518 782 2589 atque
809 2528 846 2572 eo
874 2513 980 2592 mogh,
1008 2510 1088 2588 quod
1115 2510 1276 2592 Commius,

99 2614 192 2674 quem
222 2598 398 2676 profectum¹
419 2599 455 2660 ad
487 2599 594 2662 auxiha
621 2598 837 2661 Germanorum
867 2599 1044 2660 arcessenda
1074 2599 1175 2680 docui,
1208 2617 1276 2660 cum

99 2837 158 2875 von
174 2819 229 2874 den
242 2819 363 2888 Hdgelu,
377 2822 483 2876 welche
502 2822 589 2876 durch
607 2824 662 2878 den
714 2821 824 2877 Ballren
847 2823 900 2877 mit
921 2822 1050 2878 Brettern
1071 2821 1221 2878 bedeoken.
1249 2855 1276 2864 —

99 2891 173 2946 'Phel
248 2890 339 2945 ddes
357 2891 584 2960 Vnndy·Buohes
606 2910 662 2949 von
714 2893 862 2948 frontes:
891 2893 936 2948 die
961 2894 1016 2947 den
1040 2893 1165 2949 Feinden
1193 2911 1276 2964 zuge-

100 2962 152 3016 der
196 2961 306 3030 tellung
329 2962 379 3017 der
403 2961 510 3018 Gellier
532 2966 663 3032 genennt
715 2965 864 3021 uendeten
878 2964 982 3021 Seiteu
1002 2995 1036 3006 -
1055 2964 1205 3020 viminea
1223 2966 1276 3020 lo-

101 3033 193 3088 siud.“
212 3063 245 3071 -
265 3033 588 3090 cestra—confert:
608 3035 661 3092 ei.
715 3035 840 3091 ricula:
873 3034 926 3090 mit
958 3035 1036 3090 einer
1064 3036 1276 3091 Strauohbrust-

100 3103 199 3174 bringt
217 3101 276 3157 sein
294 3103 386 3174 Luget
403 3104 456 3159 mit
474 3104 539 3161 dem
556 3105 627 3159 Fein
647 3122 662 3161 e
715 3105 1136 3162 nebu—defenderentur:
1151 3107 1276 3162 ndmlioh

97 3174 175 3228 nahe
194 3190 361 3243 zusammen,
380 3175 406 3229 d.
425 3174 452 3230 h.
473 3174 585 3246 schlttgt
603 3177 662 3231 sein
716 3179 817 3232 cosma.
829 3207 862 3215 -
875 3177 1016 3246 propior
1029 3177 1173 3232 hostem:
1188 3178 1277 3233 uther
1299 3193 1303 3199 ’

100 3246 195 3315 Lager
218 3247 379 3315 gegenitber
402 3246 466 3302 dem
487 3247 588 3301 l'einde
607 3247 662 3302 aui.
716 3263 754 3301 an
771 3247 837 3303 dem
850 3247 963 3316 Feinde,
982 3247 1008 3303 d.
1022 3247 1041 3302 i.
1060 3247 1183 3318 weniger
1200 3249 1275 3304 hoeh

102 3347 137 3358 —-
156 3323 181 3372 3.
200 3315 349 3386 imperat
363 3348 396 3358 —
415 3317 541 3373 muniri
559 3323 662 3387 e.t,60
716 3319 786 3374 iiber
809 3318 978 3374 demselben.
998 3321 1153 3388 —ponte
1172 3338 1207 3360 -’
1225 3323 1275 3376 te·

100 3406 136 3441 nu
159 3386 284 3456 reliquus
310 3417 345 3428 -
371 3389 509 3459 proficisci
533 3388 662 3459 imperat.
715 3390 867 3457 geretur:
887 3389 924 3443 do,
937 3388 977 3444 sie
991 3390 1074 3445 unter
1087 3390 1143 3445 den
1156 3391 1275 3446 Thurm-

101 3474 206 3527 -pro
225 3458 286 3512 hac
298 3490 330 3498 -
342 3459 556 3515 altitudinis:
571 3459 662 3530 „noch
715 3457 840 3515 bruchen
860 3459 986 3514 standon.

98 3527 207 3583 diesem
234 3526 411 3585 Verhitltniss
443 3531 520 3587 einer
550 3549 581 3586 oo
614 3532 661 3586 be·
751 3529 818 3600 Cap.
840 3536 880 3588 10.
910 3536 933 3587 1.
954 3533 987 3585 et
1014 3548 1164 3601 operum:
1184 3534 1213 3587 et
1226 3549 1276 3588 vor

100 3598 289 3654 trtchtlichen
306 3601 401 3667 Hdheq
424 3618 522 3671 wegen
544 3601 595 3656 der
612 3617 660 3656 an·
715 3615 832 3670 operum
858 3603 1014 3672 ontspricht
1041 3603 1106 3657 dem
1127 3619 1179 3658 ror
1203 3620 1275 3659 oum.

101 3670 265 3725 sehnliehen
283 3671 364 3727 Hdhe
383 3672 431 3726 des
447 3673 538 3727 Wnlls
557 3671 663 3727 konnte
717 3671 774 3727 Des
792 3675 822 3726 et
839 3688 889 3726 vor
905 3673 1037 3728 timorem
1048 3674 1130 3742 qverb.
1145 3674 1276 3727 timorem

99 3741 148 3796 die
181 3741 345 3797 Brustwehr
380 3743 498 3797 leiehter
529 3743 664 3813 engelegt
717 3742 770 3798 mit
787 3743 1022 3813 magnitudinem:
1042 3744 1087 3798 die
1102 3743 1201 3798 Grtsse
1218 3743 1276 3797 und

99 3812 240 3867 werden.“
258 3843 294 3852 -
316 3813 442 3869 fossam
465 3814 586 3882 pedum
603 3814 662 3869 de·
717 3813 819 3869 Sidrke
841 3815 890 3869 der
912 3816 1017 3870 Werke
1043 3831 1092 3868 um
1119 3814 1169 3868 dns
1192 3813 1277 3868 romi-

100 3901 179 3937 num
204 3882 356 3952 quinum:
381 3884 411 3937 in
436 3883 482 3938 die
504 3885 607 3941 Breite.
627 3915 661 3926 -
717 3885 783 3940 eche
801 3885 892 3955 Luget
915 3885 998 3940 sollte
1016 3886 1087 3938 daun
1109 3883 1212 3939 dienen
1229 3884 1277 3940 bei

98 3953 265 4022 deprimi:
288 3955 360 4010 noch
384 3954 434 4008 der
452 3954 531 4010 Tiefe
549 3956 663 4024 geidhrt
717 3955 772 4010 den
794 3954 920 4011 Gallieru
942 3955 987 4010 die
1010 3954 1124 4008 Meiuun
1171 3974 1206 4010 nn
1235 3973 1276 4011 er·

99 4023 220 4079 werden.
240 4054 274 4064 —
296 4031 323 4080 4.
341 4024 505 4092 pontibus
524 4057 557 4068 —
583 4042 662 4081 eon·
716 4043 813 4109 regen,
842 4027 884 4081 als
906 4026 1017 4080 liirchte
1040 4024 1100 4080 sioh
1122 3973 1216 4082 gaser.
1241 4057 1276 4067 -

98 4095 311 4165 stratisque:
329 4097 445 4163 pontem
462 4095 581 4152 traicere
599 4097 662 4152 eine
717 4095 931 4165 3.1mpeditis
945 4095 1032 4150 locis
1046 4096 1209 4165 dispersi:
1224 4098 1275 4152 im·

84 4165 210 4221 -Briiclre
232 4165 500 4236 hindbersehlagen,
523 4168 551 4222 d.
569 4168 596 4223 h.
615 4167 662 4223 die
716 4166 820 4237 peditis
842 4166 911 4222 loeis
929 4165 968 4221 ist
985 4167 1035 4221 der
1053 4165 1150 4223 Grund
1168 4187 1202 4222 nu
1221 4167 1275 4222 die-

99 4236 210 4290 Bnllren
224 4254 272 4291 znr
280 4235 389 4291 Bn‘icke
405 4237 562 4294 horizontal
579 4239 663 4309 legen
716 4237 804 4314 persi.
818 4267 853 4277 -
871 4243 896 4292 4.
915 4237 1096 4293 mediocre:
1121 4257 1141 4293 s.
1162 4245 1186 4306 1,
1206 4245 1222 4292 9
1241 4257 1276 4292 zu

99 4306 159 4361 und
182 4324 212 4363 so
231 4308 277 4362 die
294 4307 418 4363 Thiirme
441 4309 608 4377 verbinden3
627 4339 661 4349 -—
715 4324 820 4364 una.-
832 4311 934 4377 etque
948 4325 986 4363 eo
1000 4309 1121 4378 magis:
1136 4310 1275 4380 libatque

100 4379 284 4448 consternere,
298 4378 344 4432 die
358 4379 517 4435 hericontei
528 4380 662 4451 gelegten
716 4397 737 4435 s.
748 4384 774 4450 3,
785 4379 942 4435 munden
953 4388 977 4450 1,
987 4385 1030 4435 47.
1041 4411 1074 4421 -
1084 4382 1197 4436 docui:
1212 4397 1235 4436 c.
1248 4387 1275 4436 t.

156 4477 253 4519 Ouum
266 4487 298 4518 nr
312 4487 335 4517 n.
350 4486 424 4518 suun.
493 4515 496 4519 ,
1028 4476 1061 4525 18
