2804 4778
171 251 237 316 276
576 247 625 302 DE
644 246 762 302 BELLO
782 245 940 301 GALLICO

136 432 152 480 3
172 419 327 479 instructis
350 417 515 494 castrisque
539 433 574 475 eo
597 413 663 474 loco
685 415 803 473 metatis
822 414 933 473 muniri
951 411 1035 474 iubet
1053 421 1157 474 castra.
1195 412 1353 474 Absolutis

114 495 116 499 ¹
173 504 316 587 operibus
347 523 402 584 pro
433 504 507 564 vallo
540 502 671 582 legiones
703 503 865 562 instructas
897 500 1037 576 collocat,
1074 505 1190 580 equites
1223 502 1353 562 frenatis

135 607 155 655 4
174 597 259 674 equis
282 596 313 654 in
337 595 463 654 statione
488 592 628 671 disponit.
672 589 833 670 bellovaci,
860 607 928 650 oum
951 589 1101 650 Romanos
1124 590 1159 650 ad
1189 592 1353 669 insequen-

144 694 146 699 ’
172 684 245 744 dum
266 691 385 762 paratos
407 680 544 741 viderent
566 697 664 758 neque
687 687 863 758 pernoctare
888 686 938 739 aut
956 677 1069 751 diutius
1087 697 1263 757 permanere
1283 682 1352 740 sine

172 771 307 852 periculo
327 770 432 831 eodem
449 768 515 830 loco
533 777 666 849 possent,
690 766 747 828 tale
766 765 923 827 consilium
943 768 991 827 sui
1009 768 1174 846 recipiendi
1192 777 1351 848 ceperunt.

138 873 154 922 5
173 859 290 940 Fasces,
309 853 357 942 (ut
376 850 618 938 consueverant)
641 868 696 935 per
713 873 819 916 manus
838 863 1070 916 stramentorum
1089 874 1123 916 ac
1135 857 1352 939 virgultorum,

175 966 304 1028 quornm
328 965 443 1008 summa
467 947 584 1006 eratin
609 946 714 1004 castris
738 945 831 1025 copia,
853 945 933 1004 inter
956 962 988 1004 se
1012 944 1138 1005 traditos
1161 952 1228 1006 ante
1253 948 1351 1006 aciem

174 1037 357 1098 collocarunt
385 1042 578 1112 extremoque
606 1042 740 1112 tempore
768 1031 828 1092 diei
855 1033 940 1110 signo
967 1035 1160 1113 pronuntiato
1190 1052 1251 1094 uno
1275 1043 1351 1095 tern-

140 1138 248 1206 opore
276 1123 483 1185 incenderunt.
528 1121 572 1182 lta
602 1124 758 1182 continens
785 1120 901 1181 flamma
930 1123 1030 1200 copias
1057 1139 1162 1182 omnes
1184 1130 1309 1201 repente
1334 1141 1351 1184 a

174 1220 338 1293 conspectu
366 1214 439 1271 texit
462 1210 672 1271 Romanorum.
719 1208 804 1280 Quod
828 1209 880 1270 ubi
903 1209 1023 1292 accidit,
1047 1209 1165 1270 barbari
1189 1210 1349 1272 vehemen-

173 1304 288 1364 tissimo
312 1318 404 1361 cursu
427 1300 612 1378 refugerunt.

190 1424 192 1429 .
265 1385 315 1450 16.
339 1387 456 1469 Caesar,
478 1389 536 1449 etsi
554 1387 720 1448 discessum
738 1386 869 1447 hostium
888 1385 1122 1447 animadvertere
1145 1405 1206 1447 non
1228 1395 1350 1467 poterat

173 1477 319 1538 incendiis
348 1477 506 1558 oppositis,
538 1484 638 1536 tamen
665 1474 695 1535 id
724 1475 881 1536 consilium
908 1492 976 1535 cum
1003 1475 1090 1553 fugae
1119 1493 1208 1536 causa
1239 1477 1349 1537 initum

98 1578 99 1581 ’
174 1567 391 1646 suspicaretur,
422 1564 554 1644 legiones
585 1571 754 1645 promovet,
785 1572 900 1623 turmas
932 1565 1023 1623 mittit
1050 1563 1086 1623 ad
1114 1564 1349 1646 insequendum,

57 1681 62 1689 ¹
173 1657 237 1734 ipse
260 1655 373 1715 veritus
396 1654 527 1735 insidias,
550 1671 588 1714 ne
607 1653 683 1714 forte
703 1655 734 1712 in
753 1652 857 1713 eodem
876 1651 942 1712 loco
961 1650 1124 1713 subsistere
1142 1652 1239 1714 hostis
1258 1660 1348 1732 atque

130 1756 154 1816 ‚t
173 1742 281 1804 elicere
300 1751 419 1802 nostros
438 1742 586 1803 inlocum
605 1747 764 1801 conaretur
782 1742 928 1820 iniquum,
946 1740 1060 1800 tardius
1078 1741 1222 1820 procedit.
1255 1740 1348 1820 Equi·

174 1839 220 1891 tes
247 1848 317 1892 curn
342 1832 456 1891 intrare
484 1848 633 1891 summum
660 1831 764 1908 iugum
791 1837 822 1890 et
848 1828 995 1889 flammam
1028 1829 1234 1890 densissimam
1262 1832 1349 1890 time-

173 1928 241 1981 rent
264 1937 307 2001 ac,
330 1921 357 1980 si
380 1920 431 1998 qui
454 1917 590 1998 cupidius
609 1920 800 1999 intraverant,
822 1920 870 1978 vix
894 1935 1018 1978 suorum
1036 1919 1099 1998 ipsi,
1111 1920 1228 1997 priores
1247 1928 1350 1997 partes

173 2007 444 2069 animadverterent
475 2025 635 2088 equorum,
671 2006 793 2069 insidias
825 2007 913 2067 veriti
943 2005 1067 2067 liberam
1099 2005 1269 2068 facultatem
1303 2010 1352 2068 sui

139 2112 155 2159 3
174 2096 338 2175 recipiendi
360 2094 522 2156 bellovaois
550 2095 705 2157 dederunt.
749 2094 793 2157 lta
821 2096 890 2174 suga
912 2096 1029 2156 timoris
1052 2095 1141 2156 simul
1164 2095 1350 2157 calliditatis·

174 2203 232 2263 que
262 2184 349 2263 plena
379 2187 443 2245 siue
474 2183 533 2244 ullo
569 2183 749 2245 detrimento
779 2184 859 2245 milia
890 2202 950 2245 non
982 2183 1108 2263 amplius
1138 2182 1165 2242 X
1194 2187 1351 2263 progressi

139 2272 275 2336 thostes
297 2272 363 2333 loco
387 2274 586 2333 munitissimo
610 2280 707 2333 castra
729 2280 903 2353 posuerunt.
949 2272 1021 2334 lude
1045 2289 1114 2333 cum
1137 2290 1225 2352 saepe
1248 2275 1280 2332 in
1305 2275 1350 2334 in·

174 2360 257 2421 sidiis
285 2363 401 2439 equites
428 2360 603 2440 peditesque
631 2361 844 2442 disponerent,
866 2379 971 2440 magna
999 2360 1177 2422 detrimenta
1206 2360 1351 2422 Romanis

174 2450 207 2508 in
228 2447 468 2527 pabulationibus
490 2448 666 2509 inferebant.

266 2534 315 2598 17.
339 2537 425 2608 Quod
449 2555 518 2598 cum
541 2537 677 2600 crebrius
700 2538 856 2619 accideret,
879 2556 916 2599 ex
939 2540 1054 2618 captivo
1077 2538 1206 2617 quodam
1229 2555 1351 2618 compe·

173 2626 214 2685 rit
242 2624 350 2686 Caesar
379 2625 537 2709 Gorreum,
559 2625 784 2688 bellovacorum
805 2627 925 2707 ducem,
952 2628 1184 2688 fortissimorum
1206 2626 1288 2688 milia
1312 2626 1352 2688 Vl

174 2714 308 2793 peditum
331 2714 476 2794 delegisse
500 2718 676 2795 equitesque
700 2735 737 2776 ex
760 2718 841 2776 omni
864 2734 989 2776 numero
1012 2715 1054 2796 M,
1077 2734 1153 2795 quos
1174 2718 1206 2777 in
1230 2717 1350 2778 insidiis

132 2814 134 2818 ’
175 2819 210 2862 eo
238 2802 303 2863 loco
333 2802 505 2885 collocaret,
537 2822 627 2883 quem
656 2808 688 2865 in
716 2804 816 2865 locum
843 2812 966 2883 propter
994 2806 1110 2884 copiam
1142 2805 1287 2866 frumenti
1316 2824 1351 2866 ac

139 2889 276 2970 npabuli
294 2890 442 2952 Romanos
466 2895 611 2954 missuros
634 2895 846 2972 suspicaretur.
884 2893 949 2964 Quo
973 2896 1091 2972 cognito
1111 2892 1235 2954 consilio
1258 2893 1352 2973 legio·

174 2997 229 3039 nes
252 2979 367 3061 plures,
391 2998 480 3060 quam
503 2980 629 3063 solebat,
657 2981 757 3043 educit
784 2983 1023 3064 equitatumque,
1047 3000 1105 3061 qua
1129 2982 1349 3045 consuetudine

138 3067 399 3147 epabulatoribus
425 3072 544 3130 mittere
571 3070 718 3149 praesidio
747 3077 919 3150 consuerat,
951 3073 1127 3150 praemittit:
1159 3070 1229 3131 huic
1254 3075 1349 3134 inter-

173 3158 258 3235 ponit
284 3157 391 3219 auxilia
423 3157 496 3218 levis
526 3165 705 3239 armaturae3
737 3161 801 3237 ipse
829 3178 898 3220 curn
925 3158 1092 3237 legionibus
1126 3177 1214 3237 quam
1247 3170 1351 3239 potest

173 3247 299 3305 maxime
323 3249 548 3326 appropinquat.

266 3330 315 3395 18.
342 3334 451 3397 Hostes
474 3337 505 3394 in
527 3334 644 3396 insidiis
666 3335 812 3417 dispositi,
835 3353 904 3396 cum
928 3334 985 3397 sibi
1008 3335 1188 3413 delegissent
1210 3354 1352 3420 campum

173 3556 733 3626 zelnsnbbbheilungen.—2.instruc·
787 3559 896 3613 fumum
927 3558 972 3614 fiir
1004 3576 1144 3616 summum
1174 3558 1282 3629 iugum.
1318 3593 1353 3602 -

173 3627 292 3704 bingin
320 3626 583 3699 Schlcchtordnung
609 3629 732 3699 gestellt.
787 3629 920 3699 priores
947 3632 1077 3699 partes:
1105 3630 1132 3684 d.
1160 3629 1353 3687 Vorderiheil.

174 3698 373 3753 —metatim
399 3699 495 3754 merke
514 3701 540 3754 d.
559 3700 661 3770 passiv.
681 3700 733 3755 Ge·
789 3733 822 3740 —
846 3708 872 3755 3.
894 3701 976 3771 fuga
1001 3733 1034 3740 —
1062 3701 1165 3770 plenu
1193 3699 1258 3755 sind
1286 3703 1354 3758 Abl.

173 3771 287 3826 brauch.
309 3802 342 3809 -
366 3775 391 3824 3.
410 3769 569 3826 frenatis:
593 3790 642 3825 um
664 3773 733 3826 stetu
787 3772 846 3827 obs.
883 3771 976 3826 Ueber
1000 3772 1054 3827 den
1073 3771 1220 3827 Ausdruck
1244 3791 1266 3828 s.
1287 3792 1354 3829 zum

173 3860 237 3896 zum
254 3839 367 3912 Angriff
382 3840 473 3895 bereit
492 3859 527 3894 zu
544 3840 613 3910 sein,
632 3843 733 3897 sollten
787 3842 850 3897 Anf.
874 3842 923 3897 des
942 3859 965 3898 c.
985 3848 1010 3896 9.
1031 3873 1065 3882 -
1088 3844 1217 3901 castra:
1242 3846 1352 3912 „vvehr-

174 3911 215 3967 sie
229 3911 309 3966 nicht
322 3912 378 3966 ersi
393 3911 438 3965 die
454 3909 556 3965 Pferde
570 3911 730 3966 abnitnmen.
787 3911 947 3978 scheinlich,
966 3913 1017 3968 aul
1036 3913 1101 3970 dem
1123 3916 1203 3970 moni
1222 3913 1353 3975 Ganelon

175 4014 209 4024 -
227 3981 473 4038 Wahrschoinlich
492 3980 554 4035 sind
571 3981 617 4036 die
637 3982 733 4038 Worie
786 3984 922 4039 nordostl.
940 4001 997 4040 von
1015 3983 1213 4056 Compiegne“.

173 4056 206 4110 ut
229 4055 430 4110 consueverant
452 4051 659 4121 eingeschoben
676 4054 733 4108 und
823 4053 890 4125 Cap.
906 4061 948 4110 17.
968 4063 993 4110 2.
1014 4072 1080 4125 quc
1098 4058 1352 4115 consuetudine

174 4125 286 4180 uneoht.
786 4125 877 4180 libera.
901 4127 974 4181 nach
997 4133 1026 4196 1,
1052 4133 1085 4182 16
1109 4146 1144 4182 zu
1161 4128 1237 4196 quod
1256 4130 1354 4187 Gallia

210 4196 276 4266 Cap.
298 4201 339 4250 16.
369 4201 393 4250 1.
412 4197 542 4250 turmas
562 4221 596 4241 =
614 4195 732 4265 equites.
787 4197 929 4321 -posita
943 4199 1079 4255 est-3.
1094 4197 1239 4253 auxilia:
1253 4199 1354 4258 Hiills·

174 4299 208 4306 —
227 4272 254 4322 u:
271 4266 402 4321 intrare
423 4297 456 4306 -
480 4266 732 4323 densissimum:
786 4268 834 4323 vdl
856 4285 894 4336 er,
911 4268 1124 4339 Hiilfsbruppen.

85 4395 88 4401 ,
173 4336 237 4406 „die
264 4337 379 4392 dichien
405 4337 552 4392 Flammen
574 4355 620 4394 am
648 4339 734 4394 obem
823 4337 891 4408 Gap.
912 4344 953 4393 18.
974 4347 997 4394 1.
1017 4356 1183 4409 campumt
1202 4340 1354 4408 „daedald

173 4405 271 4462 Raude
289 4408 339 4461 der
356 4408 463 4463 Hdhe“.
497 4408 549 4463 Die
568 4409 613 4464 W.
631 4411 664 4465 A.
684 4409 734 4463 hat
786 4408 1354 4484 liegtwahrscheinlicbzvvischeuTrosly
