2804 4778
450 217 545 295 jum.
565 222 586 275 1.
616 219 693 275 cnr.
713 225 826 275 ao-sa.
1020 217 1040 302 J
1194 218 1237 282 49

62 398 98 450 ut
122 390 250 467 spatium
278 386 335 466 pila
363 388 394 447 in
422 386 523 448 hostes
553 386 719 447 coniciendi
748 405 808 446 non
836 387 966 447 daretur.
1012 385 1142 447 Reiectis
1169 386 1237 465 pilis

57 480 230 538 comminus
252 475 356 554 gladiis
379 483 543 554 pugnatum
567 483 621 535 est.
667 475 704 534 m
728 473 867 534 Germani
890 474 1028 535 celeriter
1051 493 1088 534 ex
1111 492 1236 535 consue·
1256 487 1273 534 4

64 565 166 627 tudine
190 582 243 627 sua
266 563 408 643 phalange
432 564 509 623 facta
531 565 661 642 impetus
688 561 854 641 gladiorum
878 570 1068 642 exceperunt.
1114 562 1238 642 Reperti
1257 574 1273 623 5

62 662 134 715 sunt
157 651 325 732 complures
349 653 444 712 nostri
468 652 589 732 milites,
618 653 722 731 quiin
746 651 904 729 phalangas
927 651 1076 711 insilirent
1099 659 1130 710 et
1153 660 1237 713 scuta

63 741 200 802 manibus
223 739 402 800 revellerent
424 748 455 801 et
477 739 606 818 desuper
629 739 828 800 vulnerarent.
870 738 944 799 Cum
968 739 1099 799 hostium
1123 742 1201 800 acies
1221 758 1237 800 a
1257 751 1272 800 6

59 833 184 891 sinistro
203 846 298 889 cornu
321 828 406 907 pulsa
424 835 513 906 atque
536 830 568 888 in
587 829 686 906 lugam
710 844 852 888 conversa
871 837 960 906 esset,
983 846 1000 887 a
1018 827 1122 887 dextro
1143 846 1237 889 cornu

63 918 255 977 vehementer
273 916 461 976 multitudine
486 935 610 977 suorum
633 926 766 977 nostram
784 918 877 975 aciem
896 914 1079 994 premebant.
1116 915 1148 975 ld
1167 934 1236 976 cum
1258 929 1272 978 t

58 1006 319 1066 animadvertisset
340 1003 464 1066 Publius
488 1004 613 1065 Crassus
637 1004 825 1082 adulescenS,
849 1007 901 1082 qui
924 1004 1069 1082 equitatui
1091 1013 1237 1084 praeerat,

64 1094 144 1173 quod
168 1092 334 1172 expeditior
353 1101 417 1153 erat
439 1111 528 1171 quam
550 1094 581 1173 ii,
604 1094 655 1170 quii
677 1095 757 1153 inter
780 1094 874 1152 aciem
892 1091 1095 1172 versabantur,
1118 1095 1236 1153 tertiam

65 1185 158 1243 aciem
182 1180 385 1242 laborantibus
409 1183 520 1242 nostris
544 1180 676 1241 subsidio
699 1182 788 1240 misit.

154 1266 205 1330 53.
229 1269 272 1330 lta
302 1269 447 1348 proelium
480 1271 653 1330 restitutum
686 1278 744 1343 est,
772 1276 861 1347 atque
889 1286 992 1328 omnes
1020 1268 1122 1328 hostes
1154 1276 1238 1348 terga

63 1365 219 1419 verterunt
241 1376 339 1436 neque
361 1360 446 1436 prius
469 1357 572 1437 lugere
591 1357 780 1438 destiterunt,
804 1375 892 1436 quam
915 1356 951 1416 ad
969 1356 1081 1417 flumen
1100 1357 1237 1418 Rhenum

64 1447 144 1507 milia
166 1464 308 1525 passuum
337 1464 371 1506 ex
401 1464 436 1506 eo
459 1445 525 1506 loco
548 1447 669 1506 circiter
697 1447 910 1525 quinquaginta
937 1453 1147 1524 pervenerunt
1194 1445 1273 1508 lbi2

61 1537 204 1614 perpauci
227 1543 284 1595 aut
301 1533 413 1594 viribus
437 1535 541 1594 contisi
569 1542 687 1595 tranare
711 1535 930 1594 contenderunt
958 1540 1008 1594 aut
1030 1532 1171 1595 lintribus
1193 1536 1237 1594 in-

62 1625 158 1683 ventis
182 1622 239 1682 sibi
267 1623 391 1682 salutem
419 1630 608 1701 repererunt.
654 1622 686 1682 ln
714 1622 762 1681 his
792 1622 848 1682 luit
875 1623 1054 1701 Ariovistus,
1083 1625 1272 1700 quinaria

62 1712 160 1772 culam
191 1711 347 1790 deligatam
386 1710 422 1770 ad
454 1713 548 1789 ripam
586 1720 691 1772 nactus
722 1729 755 1770 ea
787 1710 932 1790 profugit:
969 1710 1100 1789 reliquos
1133 1729 1236 1772 omnes

62 1801 197 1878 equitatu
230 1802 384 1859 consecuti
416 1801 511 1859 nostri
547 1800 774 1860 interfecerunt.
825 1799 905 1858 Duae
942 1799 1066 1859 luerunt
1098 1800 1274 1860 Ariovisti4

62 1906 185 1968 urmes,
217 1906 275 1948 una
306 1885 403 1947 Sueba
436 1889 569 1962 natione,
602 1906 690 1966 quam
723 1887 810 1947 domo
843 1905 944 1947 secum
975 1887 1113 1968 duruerat,
1146 1887 1238 1948 altera

62 1975 183 2056 Norica,
212 1978 291 2054 regis
320 1974 475 2036 Voccionis
510 1993 609 2049 soror,
642 1993 729 2053 quam
757 1977 788 2034 in
823 1973 913 2034 Galba
944 1974 1070 2034 diruerat
1101 1992 1118 2034 a
1146 1975 1237 2036 fratre
1330 2027 1337 2040 .

63 2067 197 2144 missam3
225 2072 352 2141 utraque
378 2065 408 2123 in
437 2081 471 2122 ea
500 2063 569 2142 luga
596 2065 694 2142 periit.
745 2062 881 2122 Fuerunt
911 2061 986 2122 duae
1011 2053 1100 2122 tiliae:
1133 2063 1238 2124 harum

61 2152 155 2212 altera
189 2154 299 2231 occisa,
327 2151 419 2212 altera
455 2158 539 2229 capta
574 2159 628 2211 est.
679 2150 768 2210 Gaius
804 2149 938 2210 Valerius
972 2149 1132 2231 Procillus,
1169 2167 1272 2214 cuma

62 2260 79 2300 a
108 2239 282 2300 custodibus
310 2241 341 2298 in
369 2241 437 2318 luga
466 2240 552 2299 trinis
576 2240 688 2299 catenis
718 2241 835 2299 vinctus
867 2238 1049 2319 traheretur,
1079 2241 1111 2298 in
1141 2241 1238 2318 ipsum

62 2329 219 2388 Caesarem
244 2326 339 2387 hostis
367 2329 501 2405 equitatu
527 2335 759 2406 persequentem
781 2327 893 2387 incidit.
940 2327 1021 2398 Quae
1045 2326 1165 2405 quidem
1189 2347 1238 2388 res
1258 2342 1273 2391 6

63 2416 183 2477 Caesari
207 2433 266 2475 non
290 2417 434 2476 minorem
464 2434 552 2494 qnam
574 2418 638 2496 ipsa
662 2418 783 2476 victoria
808 2416 988 2494 voluptatem
1016 2415 1126 2496 attulit,
1159 2416 1238 2495 quod

64 2603 214 2672 spatium
245 2602 320 2673 pila
347 2635 380 2643 —
413 2602 622 2658 coniciendi:
677 2604 776 2673 punkt.
801 2635 833 2643 -
858 2620 875 2656 a
903 2604 1048 2658 sinistro
1077 2619 1180 2657 cornu
1205 2635 1236 2643 -

63 2674 187 2743 Beispiel
204 2674 250 2728 fiir
268 2674 313 2728 ein
327 2673 406 2728 nicht
422 2675 467 2728 ins
482 2674 623 2729 Gerundiv
677 2690 695 2728 a
708 2675 841 2728 dextro:
852 2674 902 2728 der
911 2673 1116 2728 Germanen.-
1126 2674 1238 2742 pulsa:

63 2744 242 2800 vertudertes
268 2743 447 2802 Gerundium.
475 2776 506 2784 -
534 2750 558 2799 4.
585 2762 624 2799 ex
678 2743 826 2815 geworfen.
846 2775 879 2784 -
905 2751 928 2798 t.
949 2744 1006 2812 qui
1025 2774 1058 2783 —
1077 2745 1239 2812 praeerat

64 2816 316 2871 consuetudine
335 2832 408 2869 sna:
432 2816 519 2885 vergl.
538 2816 624 2870 latnie
677 2815 798 2870 umschr.
822 2814 867 2868 ein
886 2813 1057 2868 Substanbiv.
1078 2845 1111 2853 -
1137 2831 1237 2884 expe·

62 2887 245 2954 Anmerkung
268 2903 302 2938 zu
321 2892 346 2949 6,
365 2891 407 2939 27.
444 2884 509 2939 Mau
529 2885 625 2939 merke
678 2885 788 2939 ditior
811 2885 898 2938 erat:
923 2885 999 2952 (weil
1022 2901 1052 2939 er
1068 2883 1142 2939 noch
1160 2885 1239 2940 nicht
1305 2906 1310 2912 ·

63 2955 150 3025 auch,
169 2957 233 3010 dass
253 2971 282 3010 es
301 2955 433 3025 nirgends
452 2956 554 3009 heisst:
574 2972 624 3009 sua
678 2957 721 3010 ina
735 2955 845 3009 Treffen
859 2955 1037 3023 gekommeu)
1051 2956 1176 3025 weniger
1191 2957 1238 3010 be·

64 3026 274 3081 consuetudine.
289 3056 323 3066 —
344 3031 368 3080 5.
385 3025 528 3094 Reperti
546 3027 625 3080 sunt
679 3027 814 3096 schilligb
832 3041 898 3081 war.

64 3129 99 3138 —
116 3095 176 3165 qui
192 3095 385 3150 insilirent:
399 3096 489 3151 wofdr
502 3097 548 3151 ein
562 3097 625 3150 Bei-

63 3167 153 3236 spiel?
173 3198 205 3206 —
225 3167 420 3236 complures
438 3169 550 3222 nostri
568 3167 624 3220 mi·
715 3167 781 3235 Cup.
797 3172 840 3221 53.
862 3175 884 3222 1.
904 3183 1019 3222 omnes
1037 3167 1094 3223 bec.
1110 3197 1144 3208 -·
1162 3185 1238 3237 per-

62 3239 159 3292 lites:
183 3238 309 3293 mehrere
330 3237 462 3292 Soldaten
485 3255 541 3292 von
564 3256 623 3293 uns.
678 3240 858 3293 venerunt:
878 3238 975 3292 merke
988 3239 1038 3292 das
1053 3238 1176 3308 Beispiel
1194 3240 1240 3293 fiir

63 3309 130 3362 Man
158 3311 289 3364 eruerint
315 3308 370 3362 den
397 3307 524 3375 Genitiv3
553 3309 624 3364 doch
679 3310 732 3363 den
747 3308 895 3363 Gebrnuch
914 3325 968 3363 von
987 3310 1064 3378 prius
1083 3326 1167 3378 quum
1186 3311 1239 3365 mit

63 3379 139 3434 siehe
168 3386 198 3448 ἵ,
222 3385 256 3433 47
284 3397 318 3433 zu
345 3379 400 3434 den
422 3381 541 3434 Worlen
567 3383 624 3434 tres
678 3379 742 3434 dem
761 3378 899 3434 indicatis
918 3381 966 3434 des
984 3380 1117 3435 Perfecta.
1142 3381 1238 3451 Vergl.

63 3449 623 3520 suos—manipulares-phalangas,
678 3451 806 3520 dngegen
821 3457 845 3519 1,
861 3456 902 3504 19.
918 3482 951 3490 -
967 3450 1237 3522 quinquaginta:

63 3521 113 3573 der
126 3520 234 3574 Plural:
254 3521 328 3573 denn
343 3520 418 3575 ‘eder
432 3520 624 3575 Volkssbamm
678 3521 722 3575 die
746 3521 791 3576 W.
810 3524 844 3577 A.
868 3521 931 3591 gibt
959 3520 1082 3590 quinque
1110 3523 1163 3577 mit
1190 3523 1239 3576 der

62 3590 168 3645 bildete
192 3592 254 3644 eine
276 3591 338 3644 Pha
368 3608 417 3660 nx3
441 3591 493 3644 auf
512 3591 558 3647 die
577 3609 623 3661 ge·
678 3591 867 3661 Bemerkung,
891 3592 954 3645 dass
978 3592 1027 3646 das
1047 3592 1239 3648 Schluohtfeld

63 3661 241 3715 schlosseneu
253 3660 417 3743 Phalnpgen
434 3661 560 3731 losspren
581 3678 623 3716 eu
677 3663 722 3744 im·
732 3661 901 3729 Oberelsasc
917 3663 977 3716 also
992 3663 1065 3746 nahe
1079 3680 1124 3717 am
1139 3663 1238 3745 iiheiu,

63 3762 110 3883 iia
123 3730 625 3884 {illuminabilitas}
678 3731 1061 3858 tiititt‘attttatti
1077 3735 1239 3857 affata·

63 3873 198 3928 emunder
225 3871 283 3926 und
314 3871 401 3927 durch
434 3872 480 3927 dre
508 3889 538 3927 so
565 3875 624 3928 ent·
679 3873 816 3944 (uufdlhg)
835 3874 1044 3944 augetroffenen
1060 3874 1159 3929 Kithne
1178 3873 1239 3926 lan·

63 3943 199 3999 sbehende
227 3942 366 4012 Oeffnung
393 3945 500 3998 sbossen
527 3943 568 3999 sie
594 3943 625 3998 in
679 3944 734 3999 den
747 3944 787 3998 rie
801 3944 847 3998 tar
860 3945 919 3999 sich
929 3945 1142 4012 Rebbung.·-3.
1158 3961 1238 3998 con-

64 4014 114 4068 det
132 4013 371 4083 Richtnngnach
389 4014 538 4070 abwiirbs.“
570 4015 623 4069 Die
678 4014 805 4069 secuti:
825 4015 958 4084 consequi
976 4014 1038 4068 hier
1048 4014 1188 4080 pinholen.
1204 4045 1236 4053 —

63 4084 109 4139 W.
128 4085 162 4141 A.
186 4083 317 4139 schliesst
340 4084 385 4139 die
403 4085 502 4141 Worbe
526 4087 555 4140 et
578 4087 624 4140 de·
677 4092 703 4139 4.
732 4085 881 4140 duxerat
908 4111 942 4130 ==
969 4084 999 4138 in
1027 4085 1238 4140 matrimonium

64 4171 152 4280 scnpppr
175 4155 426 4280 vullpetrapenbnhuls
440 4156 625 4280 dni'chlissvon
678 4156 803 4280 duperut.
828 4156 1052 4280 {tinctumdu
1067 4173 1110 4280 {a
1120 4150 1240 4281 pivilubi

89 4243 119 4279 as
176 4242 249 4280 ses
307 4242 439 4280 erruren
481 4244 512 4280 1n
567 4243 625 4281 um-
679 4244 701 4281 c.
742 4256 806 4280 .—
848 4267 853 4278 .
890 4243 991 4279 r1n1u:
1034 4242 1120 4281 re1ac
1141 4244 1238 4283 en.-

62 4312 150 4351 mern
175 4327 207 4336 -
233 4303 257 4352 6.
286 4296 437 4352 hostium
459 4298 570 4353 belone.
590 4329 620 4338 -
679 4303 704 4352 6.
724 4296 814 4362 Quae
833 4295 969 4363 quidem
987 4313 1053 4352 res:
1074 4298 1187 4366 quidem
1199 4297 1241 4352 ist

65 4383 82 4420 a
106 4366 167 4434 auf,
194 4367 358 4423 bezeichnel
384 4369 439 4422 den
465 4367 625 4439 husgengs-
679 4368 730 4422 das
749 4372 859 4421 iussere
878 4367 1020 4435 Zeichem
1034 4369 1106 4421 husu
1121 4383 1200 4431 opus
1217 4372 1258 4406 τ’*

119 4462 215 4505 Omna
229 4475 262 4504 nn
274 4475 296 4505 n.
312 4476 383 4506 annm
1034 4460 1056 4506 h
