2804 4778
500 216 865 285 mmmm
1043 203 1046 207 ’
1208 227 1273 291 m

99 413 172 455 num
196 393 327 473 legiones
350 393 390 473 ll,
418 412 492 472 quas
519 393 660 476 habebat,
686 394 860 475 adduceret,
887 393 1069 472 alteramque
1093 412 1129 454 ex
1159 393 1275 455 duabus

100 483 136 543 ab
164 481 294 543 Labieno
324 485 456 543 arcessit„
502 482 559 562 lta,
586 489 730 562 quantum
757 482 952 543 hibernorum
980 484 1186 561 opportunitas
1212 482 1312 542 bel-4

99 571 180 650 lique
210 573 285 632 ratio
314 570 496 650 postulabat,
530 578 678 651 perpetuo
708 589 761 631 suo
792 570 892 631 labore
921 573 952 630 in
981 573 1077 631 vicem
1108 569 1275 649 legionibus
1363 633 1365 640 ,

100 659 324 738 expeditionum
348 677 424 720 onus
446 659 629 739 iniungebat.

191 746 218 808 i.
250 748 303 807 His
327 750 421 828 copiis
444 751 556 809 coactis
579 748 615 809 ad
638 747 808 808 bellovacus
831 748 1031 827 proficiscitur
1055 749 1220 826 castrisque
1244 749 1276 807 in

100 854 205 896 eorum
227 835 337 897 smibus
359 839 465 916 positis
489 839 623 915 equitum
646 844 760 897 turmas
784 835 906 896 dimittit
934 837 965 895 in
989 853 1092 896 omnes
1114 843 1215 915 partes
1239 834 1275 895 ad

100 925 215 1002 aliquos
238 926 436 1007 excipiendos,
460 944 497 986 ex
520 925 630 1004 quibus
653 924 783 985 hostium
802 923 925 986 consilia
943 934 1146 1002 cognosceret.
1183 924 1311 1003 Equi-2

99 1023 146 1073 tes
179 1013 277 1073 officio
307 1014 403 1074 functi
434 1016 607 1075 renuntiant
637 1031 749 1093 paucos
780 1016 812 1073 in
851 1012 993 1073 aedificiis
1029 1030 1096 1073 esse
1128 1016 1280 1094 inventos„

99 1110 187 1179 etque
210 1101 274 1181 hos,
297 1120 357 1162 non
381 1104 432 1181 qui
455 1120 595 1181 agrorum
612 1101 805 1163 colendorum
824 1119 914 1162 causa
931 1103 1155 1182 remansissent,
1176 1095 1273 1183 (nam-

100 1207 159 1267 que
183 1207 248 1250 esse
272 1189 403 1269 crudique
427 1191 584 1270 diligenter
606 1185 827 1271 demigratum)
851 1190 903 1250 sed
923 1192 974 1268 qui
993 1189 1165 1268 speculandi
1184 1208 1274 1250 causa

100 1287 201 1338 essent
229 1281 355 1338 remissi.
401 1280 426 1339 A
454 1278 563 1358 quibus
591 1297 661 1340 oum
688 1287 847 1357 quaereret
874 1277 996 1358 Caesar,
1023 1297 1083 1356 quo
1111 1278 1176 1339 loco
1200 1278 1273 1338 mul·
1293 1289 1328 1340 3.

100 1366 196 1426 titudo
225 1374 304 1426 esset
326 1367 550 1429 Bellovacorum
578 1367 694 1446 quodve
718 1374 798 1427 esset
820 1365 977 1427 consilium
1000 1385 1119 1440 eorum,
1142 1368 1273 1426 invenie·

97 1454 161 1514 bat:
190 1454 360 1516 Bellovacos
388 1475 505 1543 omnes,
533 1458 585 1535 qui
612 1473 693 1517 arma
721 1456 800 1516 ferre
829 1462 967 1535 possent,
994 1457 1026 1515 in
1053 1473 1148 1516 unum
1174 1454 1312 1516 locum4

103 1546 286 1624 convenisse,
304 1546 435 1624 itemque
459 1544 630 1625 AmbianoS,
654 1543 812 1623 Aulercos,
835 1543 960 1623 Caletos,
983 1541 1168 1623 Veliocassis
1190 1545 1275 1604 Atre·

94 1630 191 1712 batas3
214 1631 313 1694 locum
337 1636 442 1694 castris
462 1634 613 1695 excelsum
636 1635 669 1694 in
694 1633 766 1693 silva
784 1633 967 1694 circumdata
992 1631 1100 1710 palude
1120 1631 1275 1713 delegisse,

100 1721 311 1798 impedimenta
334 1724 432 1782 omnia
455 1725 486 1782 in
509 1722 675 1784 ulteriores·
691 1721 777 1782 silvas
801 1721 972 1783 contulisse.
1009 1720 1185 1799 Complures
1208 1739 1275 1781 esse

99 1811 251 1887 principes
279 1808 349 1870 belli
377 1819 527 1892 auctoreS,
557 1811 609 1871 sed
631 1809 853 1872 multitudinem
876 1811 1002 1871 maxime
1026 1808 1137 1870 Correo
1162 1808 1275 1869 obtem·

98 1915 215 1977 perere,
235 1896 313 1975 quod
328 1899 356 1958 ei
374 1917 489 1958 summo
503 1918 569 1960 esse
585 1899 652 1960 odio
667 1916 775 1959 nomen
794 1897 896 1977 populi
910 1897 1036 1958 Romani
1049 1897 1274 1957 intellexissent.

99 1985 208 2045 Paucis
237 1993 304 2045 ante
332 1985 438 2048 diebus
461 2005 497 2048 ex
520 1988 576 2047 his.
590 1989 696 2047 castris
719 1985 889 2046 Atrebatem
913 1984 1079 2045 Commium
1101 1984 1275 2044 discessisse
1294 1997 1313 2046 o

101 2073 136 2133 ad
167 2075 274 2135 auxilia
298 2073 512 2135 Germanorum
536 2075 721 2149 adducenda,
745 2092 874 2152 quorum
897 2083 927 2133 et
949 2075 1085 2133 vicinitas
1107 2075 1276 2151 propinqua

102 2172 132 2221 et
154 2162 314 2224 multitudo
338 2172 418 2223 esset
440 2165 562 2226 infinita.
605 2163 802 2224 Constituisse
826 2171 926 2223 autem
948 2161 1118 2222 Bellovacos
1142 2163 1275 2222 omnium
1294 2175 1312 2224 6

98 2252 268 2330 principum
304 2270 467 2332 consensu,
501 2271 614 2314 summa
646 2251 742 2332 plebis
775 2250 950 2331 cupiditate,
981 2251 1020 2331 si,
1052 2258 1086 2310 ut
1115 2250 1276 2332 diceretur,

103 2338 302 2401 Caesareum
326 2340 423 2402 tribus
450 2341 616 2420 legionibus
645 2343 772 2421 veniret,
800 2340 909 2400 offerre
937 2357 969 2400 se
1002 2338 1038 2399 ad
1066 2338 1277 2419 dimicandum,

101 2446 138 2487 ne
167 2431 322 2490 miseriore
352 2448 385 2489 ac
414 2429 534 2490 duriore
562 2439 665 2508 postea
693 2429 866 2490 condicione
891 2446 959 2488 cum
982 2436 1045 2488 toto
1069 2429 1201 2488 exercitu
1225 2427 1275 2487 de·

103 2522 218 2576 certare
246 2526 439 2598 cogerentur;
467 2521 493 2578 si
521 2521 648 2578 maiores
676 2519 776 2596 copias
800 2516 974 2598 adduceret,
1001 2519 1033 2576 in
1056 2534 1091 2575 eo
1119 2516 1184 2576 loco
1208 2531 1311 2594 per-7

103 2622 232 2685 manere,
262 2624 351 2684 quem
379 2606 572 2689 delegissent,
599 2606 786 2687 pabulatione
816 2613 928 2687 autem,
956 2623 1030 2684 quae
1058 2611 1182 2683 propter
1206 2604 1276 2663 anni

102 2703 219 2771 tempus
243 2712 311 2754 cum
335 2697 441 2773 exigna
464 2704 528 2756 tum
547 2696 671 2757 disiecta
694 2703 783 2776 esset,
807 2702 837 2754 et
861 2695 1091 2754 frumentatione
1111 2699 1141 2752 et
1159 2690 1275 2770 reliquo

105 2791 269 2842 commeatu
294 2800 330 2842 ex
353 2782 468 2844 insidiis
490 2783 650 2864 prohibere
673 2783 831 2844 Romanos.

102 2971 127 3034 8,
145 2973 178 3020 41
193 2985 220 3020 u.
237 2973 284 3037 52,
303 2970 437 3024 withrend
452 2970 538 3026 Cesar
554 2988 583 3026 es
603 2971 662 3026 nie·
715 2974 780 3026 ter:
803 2969 856 3024 mit
876 2969 1012 3038 Sorglalt,
1035 2969 1061 3025 d.
1081 2968 1099 3023 i.
1120 2969 1192 3023 ohne
1212 2968 1277 3022 dass

101 3037 173 3091 mals
188 3039 360 3095 braucht.-
375 3047 400 3096 4.
415 3045 583 3112 perpetuo
602 3059 661 3096 suo
717 3042 803 3095 etwas
825 3057 880 3095 von
902 3039 967 3094 dem
989 3039 1102 3108 Ihrigen
1125 3037 1277 3108 zurdokge·

101 3109 232 3164 labore:
261 3110 394 3166 withrend
422 3129 451 3167 er
478 3111 584 3181 (Cicer)
613 3131 662 3166 un·
716 3111 807 3166 lesam
830 3110 944 3166 worden
962 3115 1043 3165 ware.
1072 3140 1106 3149 -
1135 3115 1160 3163 4.
1178 3110 1277 3163 Atre·
1320 3157 1322 3161 .

100 3179 306 3235 unberbrochen
341 3182 427 3238 Miihe
467 3184 525 3237 und
562 3183 664 3239 Arbeit
716 3182 828 3237 betas:
848 3181 924 3236 siehe
942 3180 1013 3234 iiber
1027 3179 1073 3234 die
1087 3179 1208 3249 Endung
1226 3181 1278 3234 des

101 3251 194 3319 hatte,
223 3251 299 3321 legte
322 3269 353 3308 er
375 3253 421 3309 die
439 3255 507 3309 Last
530 3254 580 3310 der
605 3255 662 3309 ein·
716 3255 815 3308 Aecus.
840 3257 968 3320 1,14,3
992 3269 1026 3304 zu
1042 3249 1218 3320 Allobrogas.
1241 3281 1276 3291 -

101 3321 197 3376 zelnen
216 3323 358 3393 Feldzdge
380 3325 435 3380 den
451 3325 594 3396 Legionem
614 3325 663 3380 ab·
717 3323 827 3378 locum
853 3354 886 3362 -—
914 3321 1099 3390 delegisse:
1128 3321 1278 3392 „niemlich

101 3393 261 3447 weohselnd
284 3398 344 3464 auf,
370 3396 424 3451 wie
442 3413 472 3451 es
490 3397 593 3466 genade
617 3395 662 3450 die
715 3392 950 3448 wahrsoheinlich
959 3391 1178 3448 istdieseserste
1186 3392 1279 3462 Lager

102 3463 233 3534 giinstige
250 3464 326 3535 Lege
345 3485 371 3523 ιι.
391 3486 411 3523 s.
430 3485 464 3522 ιι.
717 3465 767 3519 der
793 3463 960 3519 Bellovakar
992 3464 1044 3518 sui
1073 3464 1123 3519 der
1149 3463 1278 3532 Anhdhe,

717 3534 823 3588 welche
846 3550 882 3588 an
904 3534 969 3589 dem
994 3534 1183 3589 siiddstlichen
1206 3534 1277 3587 Aus-

268 3669 275 3682 .
717 3621 817 3729 gang
827 3604 1089 3731 desPWalqesdvon
1107 3603 1278 3728 gofinptilqgnq

102 3728 136 3783 Π·
161 3728 268 3786 Gassar'fl
286 3730 411 3800 Feldzuss
428 3746 519 3802 &egen
538 3729 582 3785 die
601 3729 663 3785 Bel·
716 3691 867 3817 pipptoppd
891 3692 1020 3802 ἐξιῗῖἓί
1036 3693 1135 3807 sSolilttnen
1155 3760 1210 3799 von
1221 3689 1280 3796 {lgr

320 3838 443 3893 ama
716 3812 1278 3944 atilatdttlffittusrflttdstl

299 3961 337 4030 (C.
361 3963 467 4030 7—23.)
717 3959 937 4028 trenay-Bathos
968 3955 1110 4024 umgeben
1141 3954 1210 4009 ist.“
1243 3985 1277 3992 —

719 4037 743 4086 i.
758 4044 970 4100 permanere:
985 4025 1129 4095 abhsngig
1142 4041 1198 4080 von
1212 4042 1278 4080 cou-

140 4101 206 4171 Cap.
232 4108 255 4157 7.
284 4109 308 4157 2.
336 4104 439 4173 atque
466 4103 541 4158 hos:
569 4103 663 4171 atque,
719 4101 849 4155 stituisse.
884 4131 917 4141 -
950 4096 1111 4151 disiecta:
1146 4112 1184 4150 en
1216 4113 1279 4151 ver·

103 4174 160 4229 und
174 4189 256 4242 zwar,
274 4173 332 4227 und
345 4173 418 4228 noch
432 4173 503 4227 dazu
516 4172 662 4235 solche.—
719 4171 886 4225 schiedenen
909 4169 1015 4224 Stellen
1043 4186 1078 4221 ιιι
1100 4167 1184 4222 holon
1207 4183 1278 4233 wer3

103 4262 169 4300 non
193 4275 226 4283 —
250 4244 319 4298 sed:
345 4244 463 4299 beaohte
485 4243 543 4298 und
566 4242 662 4298 merke
716 4240 876 4309 vergleiehe
909 4257 931 4294 c.
961 4244 994 4293 10
1025 4256 1090 4293 eum
1120 4238 1191 4293 raris
1223 4237 1278 4290 di·-

103 4317 148 4370 die
172 4314 301 4384 Stellung
328 4315 377 4369 der
400 4313 526 4369 Pertikel
552 4330 609 4369 non
633 4313 664 4367 in
717 4311 852 4380 lectisque
871 4311 1059 4382 (gebrennten)
1087 4326 1121 4364 ex
1144 4307 1280 4363 aedificiis

103 4387 199 4442 diesen
216 4385 444 4455 Verbindungen.
464 4415 497 4423 -
516 4382 664 4453 diligen·
717 4381 853 4453 pabulum
871 4381 1088 4451 conquireretur.
