2804 4778
133 220 197 285 142
262 273 267 281 .
535 220 584 273 DE
602 219 721 275 BELLO
742 217 899 275 GALLICO

132 389 394 454 culonostrorum
418 390 551 466 equitum
576 406 644 448 cum
667 389 705 447 iis
729 385 906 464 confligebat
929 392 1018 463 atque
1037 384 1094 444 hoc
1117 393 1199 445 metu
1219 385 1309 446 latius

96 480 231 556 evagari
265 475 449 555 prohibebat.
495 475 743 557 Relinquebatur,
776 483 810 536 ut
842 492 939 552 neque
972 473 1088 551 longius
1121 472 1157 533 ab
1190 477 1308 552 agmine

132 566 282 645 legionum
308 565 420 625 discedi
440 563 547 632 Caesar
570 572 733 646 pateretur,
752 572 782 624 et
806 571 919 622 tantum
943 564 973 621 in
993 563 1072 640 agris
1094 562 1244 623 vastandis
1264 565 1308 623 in·

132 654 304 731 cendiisque
339 654 481 713 faciendis
517 652 653 712 hostibus
691 659 867 732 noceretur,
901 659 1044 730 quantum
1080 650 1181 710 labore
1219 661 1308 730 atque

132 745 239 803 itinere
263 742 416 820 legionarii
439 740 548 801 milites
571 742 690 801 efficere
714 747 860 820 poterant.
913 765 915 771 ¹

222 828 274 892 20.
303 830 427 890 Interim
454 829 665 911 Trinobantes,
697 847 790 908 prope
821 829 989 888 firmissima
1020 845 1123 887 earum
1150 830 1309 907 regionum

132 914 244 999 civitaS,
269 938 304 978 ex
329 937 386 996 qua
409 917 637 978 Mandubracius
661 918 837 978 adulescens
859 915 993 976 Caesaris
1017 915 1105 976 iidem
1129 925 1252 977 secutus
1272 916 1309 976 ad

132 1027 201 1069 eum
228 1011 259 1067 in
288 1009 491 1067 continentem
519 1006 640 1066 Galliam
670 995 805 1086 venerat,
836 1007 922 1065 cuius
949 1013 1034 1083 pater
1064 1006 1095 1064 in
1127 1023 1160 1064 ea
1189 1007 1308 1065 civitate

97 1108 258 1175 aregnum
288 1094 457 1155 obtinuerat
484 1085 720 1174 interfectusque
752 1102 816 1154 erat
843 1112 858 1152 a
883 1092 1114 1173 Cassiuellauno,
1144 1095 1208 1172 ipse
1239 1093 1309 1172 luga

133 1192 260 1245 mortem
285 1185 435 1262 vitaverat,
458 1183 569 1261 legatos
593 1182 627 1243 ad
653 1182 808 1243 Caesarem
833 1184 961 1242 mittunt
979 1181 1217 1260 pollicenturque
1243 1200 1309 1241 sese

97 1285 112 1332 3
135 1276 162 1332 ei
186 1271 339 1331 dedituros
363 1279 451 1349 atque
475 1273 618 1351 imperata
642 1273 787 1350 facturos3
810 1279 926 1350 petunt,
949 1279 982 1330 ut
1004 1269 1248 1332 Mandubracium
1272 1269 1309 1330 ab

133 1362 242 1420 iniuria
267 1358 476 1419 Cassivellauni
495 1360 634 1420 defendat
656 1367 744 1438 atque
768 1362 799 1419 in
821 1361 969 1422 civitatem
992 1360 1099 1440 mittat,
1122 1361 1172 1437 qui
1196 1361 1309 1438 praesit

98 1450 352 1527 4imperiumque
383 1446 522 1508 obtineat.
569 1447 622 1507 His
651 1447 758 1508 Caesar
791 1449 918 1526 imperat
948 1446 1066 1506 obsides
1093 1445 1144 1505 XL
1175 1447 1308 1507 humen-

135 1546 258 1614 tumque
289 1537 432 1595 exercitui
461 1535 763 1614 Mandubraciumque
794 1537 830 1596 ad
863 1553 915 1595 eos
944 1537 1044 1595 mittit.
1090 1534 1134 1594 llli
1163 1537 1308 1614 imperata

134 1625 273 1684 celeriter
297 1625 442 1704 lecerunt,
465 1624 584 1686 obsides
608 1625 643 1684 ad
668 1642 825 1685 numerum
850 1624 1092 1702 frumentumque
1116 1625 1273 1684 miserunt.

224 1710 275 1773 21.
308 1711 541 1773 Trinobantibus
572 1712 702 1773 delensis
735 1721 823 1791 atque
856 1711 892 1772 ab
925 1714 1005 1771 omni
1041 1712 1167 1779 militum
1200 1714 1309 1772 iniuria

134 1801 292 1880 prohibitis
317 1800 501 1883 Cenimagni,
529 1801 710 1883 Segontiaci,
733 1801 895 1880 Ancalites,
922 1799 1053 1881 Bibroci,
1082 1799 1164 1860 Cassi
1188 1801 1308 1880 legatio·

98 1903 114 1950 2
134 1889 223 1950 nibus
246 1892 345 1950 missis
370 1908 435 1949 sese
460 1889 578 1950 Caesari
601 1891 722 1950 dedunt.
766 1889 810 1949 nb
833 1890 879 1949 his
904 1891 1056 1967 cognoscit
1079 1907 1138 1948 non
1162 1889 1249 1968 longe
1274 1907 1310 1950 er

135 1997 169 2039 co
192 1979 258 2038 loco
282 1978 423 2057 oppidum
447 1978 657 2039 Cassivellauni
681 1977 785 2038 abesse
809 1978 889 2038 silvis
913 1976 1129 2056 paludibusque
1151 1979 1309 2052 munitum,

97 2081 113 2129 3
134 2086 192 2146 quo
216 2069 287 2127 satis
311 2085 435 2145 magnus
453 2067 606 2128 hominum
630 2070 819 2147 pecorisque
827 2083 971 2126 numerus
996 2069 1176 2126 convenerit.
1218 2066 1308 2145 Oppi-

135 2156 204 2217 dum
219 2163 327 2216 ·autem
350 2154 485 2215 Britanni
508 2164 623 2236 vocant,
646 2174 714 2217 cum
734 2155 820 2215 silvas
844 2154 1000 2233 impeditas
1021 2153 1094 2214 vallo
1118 2162 1206 2233 atque
1230 2155 1308 2215 fossa

135 2331 167 2378 12
187 2324 421 2379 zuincitavisset.
449 2356 477 2363 -
501 2327 563 2380 hoc
587 2328 690 2379 metu:
746 2326 827 2379 retin.
856 2355 890 2364 -
918 2324 1203 2394 pollicenturque
1232 2341 1309 2380 sese

134 2413 155 2448 s.
180 2412 202 2449 e.
222 2401 239 2448 4
264 2414 298 2448 zu
320 2395 373 2448 hoe
397 2395 500 2450 dolore.
525 2426 558 2436 -
582 2402 606 2451 3.
630 2396 692 2450 Re·
747 2428 780 2435 —
800 2395 993 2450 dedituros:
1012 2394 1103 2449 demit
1119 2395 1208 2466 uergl.
1228 2402 1254 2464 4,
1273 2402 1306 2450 21

133 2465 372 2534 linquebatur:
391 2483 411 2520 s.
432 2472 456 2534 1,
476 2473 491 2520 9
512 2465 545 2521 z'n
565 2466 691 2522 d.Wort.
746 2467 932 2536 polliceantur
951 2468 1003 2520 eto.
1032 2467 1086 2520 Zur
1100 2467 1309 2536 Uebersetzung

135 2566 168 2575 —
192 2552 353 2604 neque-
381 2538 427 2590 et:
454 2554 474 2591 s.
495 2544 524 2604 2,
544 2542 594 2606 25,
614 2544 637 2591 1.
657 2569 691 2578 -
746 2554 801 2591 von
824 2537 993 2606 poMicentur
1014 2537 1175 2608 vergleiehe
1200 2552 1223 2591 c.
1243 2544 1308 2607 3,3

134 2607 271 2662 discedi
289 2608 380 2662 iibens.
399 2608 473 2661 nach
500 2616 523 2674 1,
542 2614 586 2677 44,
607 2615 639 2662 13
658 2627 692 2662 un
747 2608 931 2662 confirmavit.
959 2639 993 2647 -
1019 2615 1044 2663 3.
1073 2608 1131 2677 qni
1158 2608 1308 2678 praesit:

133 2678 200 2747 geri.
221 2710 255 2718 —
279 2678 313 2732 in
332 2679 423 2746 agris
447 2679 638 2733 vastandis:
662 2679 692 2733 in
747 2679 796 2748 qui
813 2678 853 2733 ist
870 2679 1098 2745 Mandubracium
1123 2679 1241 2749 praesit:
1261 2679 1308 2733 da-

133 2751 244 2875 {itit
254 2750 337 2873 Ζ111
339 2749 579 2876 esttenete
593 2751 693 2875 stlta
745 2749 1246 2890 ssettmbhrtttm
1264 2767 1309 2876 lt

250 2864 256 2889 t
584 2863 590 2889 t
863 2861 870 2886 1

133 2892 224 2945 denen
243 2895 330 2945 etwas
349 2892 501 2961 geschicht.
518 2923 551 2932 -
565 2892 692 2946 facien·
746 2891 957 2960 Uebersetzuilg
974 2892 1052 2960 „sich
1077 2909 1114 2945 an
1139 2892 1185 2947 die
1214 2891 1307 2961 Spitae

133 2962 197 3016 dis:
227 2962 353 3031 anlegen.
383 2993 416 3002 -
446 2964 566 3018 labore
590 2966 692 3032 etque
747 2961 1308 3033 stellen“nachebmen.—imperinm-

135 3033 264 3087 itinere
286 3034 377 3086 iibere.
396 3035 469 3086 nach
489 3043 518 3102 1,
538 3040 554 3086 2
574 3052 607 3087 zu
624 3032 693 3088 belli
748 3050 811 3101 qne
839 3033 999 3087 obtineat
1031 3034 1132 3103 besegt
1158 3034 1239 3088 mehr
1269 3034 1309 3087 als

133 3106 219 3172 atque
236 3103 417 3158 fortitudinis.
454 3104 549 3173 Vergl.
568 3111 594 3172 4,
614 3109 656 3158 35.
747 3102 865 3172 praesit;
894 3105 981 3172 vergi.
1008 3121 1031 3157 o.
1051 3111 1084 3158 22
1113 3105 1235 3174 Aufeng.
1273 3104 1309 3158 Es

745 3175 821 3228 kann
839 3174 958 3228 Jemend
982 3191 1018 3228 an
1041 3175 1092 3230 der
1114 3174 1209 3244 Spitae
1236 3175 1310 3230 eines

170 3242 236 3312 Cap.
264 3251 306 3298 20.
339 3251 361 3298 1.
390 3260 495 3314 prope
522 3245 598 3298 steht
624 3243 691 3298 bald
747 3246 866 3314 Steates,
881 3247 948 3299 aber
962 3245 1045 3301 dnbei
1059 3247 1142 3300 unter
1155 3246 1205 3300 der
1220 3245 1306 3301 Ober-

133 3331 196 3382 vor,
222 3314 288 3368 bald
315 3317 388 3368 nach
415 3316 479 3370 dem
504 3316 615 3381 Worte,
644 3315 696 3368 auf
746 3315 852 3386 gewalt
875 3315 950 3370 eines
968 3317 1082 3371 Andern
1101 3317 1208 3372 stehen.
1228 3349 1262 3358 -
1282 3322 1306 3372 4'.

134 3384 255 3439 welches
283 3401 312 3438 es
341 3385 400 3438 sich
428 3385 545 3440 beziebt.
583 3385 647 3455 Vgl.
668 3392 693 3453 7,
747 3387 787 3441 ad
814 3404 1005 3441 numerum:
1037 3388 1082 3442 bis
1109 3407 1145 3442 nu
1172 3388 1221 3443 der
1249 3389 1309 3456 (be-

136 3460 169 3509 15
192 3453 408 3523 pulcherrimam
428 3473 515 3526 prope
534 3488 567 3496 -
586 3458 691 3512 urbem.
747 3458 901 3526 stimmten)
927 3459 996 3512 Zahl
1020 3459 1083 3528 hin,
1109 3459 1135 3514 d.
1160 3459 1178 3514 i.
1204 3458 1234 3513 in
1259 3459 1310 3514 der

135 3557 168 3564 -
187 3541 300 3579 earum
318 3527 507 3596 regionum:
526 3529 571 3582 ab.
586 3529 693 3582 welche
747 3528 927 3583 bestimmten
947 3530 1023 3583 Zehl.
1042 3561 1069 3570 -
1096 3530 1256 3584 fecerunt
1274 3561 1308 3570 -

136 3595 359 3651 CassiveMeunus
377 3598 574 3654 benachte—
589 3615 694 3669 prope
748 3601 927 3654 miseranti
961 3600 1030 3655 iiber
1061 3600 1112 3655 das
1144 3601 1309 3670 Asyndeton

136 3699 169 3707 -
189 3666 316 3721 civitas
335 3669 423 3723 iibere.
439 3670 527 3724 durch
545 3669 628 3724 einen
640 3671 694 3724 Re·
749 3670 825 3725 siebe
851 3677 876 3737 4,
895 3676 929 3724 27
956 3689 991 3724 an
1015 3669 1154 3726 miserunt
1173 3701 1206 3712 —-
1229 3671 1310 3740 polli-

133 3737 562 3794 lativsatn.-aduleseens:
593 3759 614 3795 s.
633 3746 693 3808 3,'l
749 3742 799 3795 citi
818 3743 891 3795 sunt.
932 3768 937 3775 *

135 3810 293 3864 audissem
312 3809 402 3865 Wort.
423 3841 456 3850 -
476 3810 580 3865 fidem
600 3827 695 3865 secu·
785 3811 850 3881 Cap.
866 3819 909 3868 21.
931 3820 953 3868 1.
973 3813 1137 3867 defensis:
1156 3812 1186 3868 iu
1205 3813 1308 3868 Schntn

134 3884 203 3935 tus:
228 3898 248 3933 s.
268 3887 298 3948 4,
317 3887 350 3934 21
370 3899 404 3934 nu
423 3881 528 3935 diesem
546 3882 635 3936 Wort.
661 3911 694 3920 -
749 3882 1308 3954 genommengegenCassivellaunus.-

135 3951 422 4006 incontinentem
441 3951 606 4007 Galliam:
630 3952 695 4007 Gal·
749 3953 953 4022 prohibitis:
990 3954 1081 4008 sicher
1116 3954 1240 4024 gestellt.
1274 3984 1310 3994 -

135 4023 203 4075 liam
221 4023 367 4078 bestimmt
385 4023 574 4078 continentem
593 4024 696 4089 nithe13
750 4024 882 4092 missis,
907 4024 1036 4079 wbrtlich
1058 4024 1213 4092 ilbersctzt‚
1239 4024 1310 4078 wird

136 4093 214 4146 nicht
232 4095 306 4148 nach
323 4093 424 4149 ltalien
450 4095 518 4149 oder
539 4094 613 4148 nach
631 4094 696 4164 Illy·
750 4095 887 4164 ungefall'
910 4138 916 4149 .
936 4126 969 4159 .··
994 4101 1018 4149 2.
1043 4111 1080 4148 ex
1099 4111 1136 4149 eo
1154 4096 1243 4150 loco:
1266 4111 1310 4150 wo

136 4163 232 4218 noum.
248 4195 281 4204 —
296 4171 321 4219 2.
336 4165 411 4234 ipse
429 4166 487 4220 und
501 4167 551 4220 das
565 4165 697 4236 folgende
751 4182 781 4220 er
814 4165 860 4220 die
879 4113 1142 4221 ¹gesundtschei'ten
1174 4166 1312 4236 angeheri

137 4237 272 4303 petunt:
304 4236 461 4305 Asyndeta,
494 4237 540 4290 die
572 4239 623 4292 auf
652 4235 697 4291 ein
750 4236 837 4291 hatte.
857 4267 891 4276 -
910 4243 935 4291 3.
955 4254 1027 4291 cum
1046 4238 1310 4292 -muniernnt:

136 4305 195 4358 und
226 4306 350 4360 disselbe
376 4306 472 4361 Weiss
506 4327 540 4361 zu
567 4307 697 4362 erhltren
750 4307 833 4362 echte
869 4307 922 4367 auf
950 4309 995 4362 die
1028 4307 1224 4364 Construction
1255 4324 1311 4363 von

123 4376 200 4427 nach
228 4383 253 4444 1,
283 4381 320 4430 18
346 4395 381 4430 zu
408 4395 488 4446 cono.
517 4378 595 4448 dim,
623 4378 697 4435 Liso.
751 4378 1044 4449 4111318111-
1067 4379 1255 4448 impeditas
1273 4379 1312 4434 ist
