2804 4778
501 221 569 276 nm.
587 198 635 276 iu.
662 220 737 276 oar.
758 227 871 277 14-1e.
1229 218 1271 283 89

194 382 243 446 15.
273 384 423 465 Disiectis,
450 394 485 446 ut
511 385 652 467 diximus,
680 390 839 467 antemnis,
870 406 937 449 cum
966 387 1097 466 singulas
1125 386 1210 447 binae
1239 404 1273 447 ac

102 482 205 533 ternae
234 492 322 534 naves
355 475 627 554 circumsteterant,
659 475 768 536 milites
801 494 915 537 summa
947 480 975 536 vi
1003 475 1214 537 transcendere
1242 479 1273 535 in

102 561 233 622 bostium
256 580 344 622 naves
368 560 594 622 contendebant.
636 562 721 634 Quod
744 572 901 643 postquam
920 564 1037 626 barbari
1061 565 1126 625 lieri
1145 563 1310 624 animada

101 658 265 730 verterunt,
289 652 463 729 expugnatis
487 649 690 729 compluribus
714 651 850 733 navibus,
878 672 946 714 cum
970 656 998 714 ei
1021 656 1065 714 rei
1089 651 1203 713 nullum
1226 670 1272 712 re·

56 739 58 745 ’
101 741 253 818 periretur
272 738 422 817 auxilium,
446 738 514 816 iuga
532 738 657 799 salutem
680 749 782 819 petere
803 742 1030 803 contenderunt.
1067 742 1108 801 Ac
1127 743 1185 801 iam
1204 751 1310 800 con-3
1364 743 1369 751 '

101 829 196 887 versis
227 829 259 886 in
287 844 351 887 eam
378 835 492 904 partem
523 826 660 908 navibus,
688 846 746 906 quo
775 837 881 890 ventus
908 830 1036 911 ferebat,
1065 837 1145 890 tanta
1174 827 1272 889 subito

102 915 224 975 malacia
246 933 280 975 ac
303 914 500 993 tranquillitas
520 918 640 997 exstitit,
662 924 696 976 ut
720 935 751 976 se
775 935 811 978 ex
834 918 899 978 loco
919 936 1104 979 commovere
1129 935 1188 976 non
1206 934 1273 995 pos·

102 1012 177 1064 sent.
224 1002 305 1074 Quae
334 1003 452 1082 quidem
482 1021 531 1064 res
561 1004 597 1063 ad
629 1008 781 1083 negotium
813 1007 1029 1067 conficiendum
1063 1008 1187 1066 maxime
1217 1005 1310 1064 luite

102 1099 282 1171 opportuna:
305 1109 373 1153 nam
397 1091 527 1170 singulas
555 1095 650 1153 nostri
681 1097 843 1156 consectati
867 1104 1123 1175 expugnaverunt,
1150 1103 1184 1154 ut
1206 1111 1272 1172 per·
1293 1104 1308 1153 5

101 1198 213 1258 paucae
238 1183 377 1240 exomni
405 1198 531 1241 numero
560 1183 656 1241 noctis
684 1183 853 1243 interventu
881 1183 917 1243 ad
941 1193 1052 1243 terram
1075 1182 1274 1261 pervenerint,

102 1287 171 1329 cum
195 1268 230 1328 ab
254 1268 326 1329 hora
350 1269 415 1329 lere
440 1277 544 1348 quarta
567 1288 663 1348 usque
686 1270 722 1343 ad
746 1270 816 1331 solis
840 1289 978 1332 occasum
1000 1279 1193 1351 pugnaretur.

195 1353 243 1417 16.
268 1356 333 1428 Quo
355 1357 470 1436 proelio
494 1357 604 1419 bellum
628 1358 808 1430 Venetorum
837 1362 988 1438 totiusque
1018 1378 1087 1419 orae
1110 1360 1275 1419 maritimae

101 1446 271 1506 conlectum
295 1453 349 1506 est.
394 1446 468 1507 Nam
492 1465 561 1508 cum
584 1450 680 1508 omnis
703 1451 855 1529 iuventus,
883 1466 986 1508 omnes
1014 1451 1102 1508 etiam
1130 1448 1310 1526 graviones

101 1536 214 1614 aetatis,
238 1536 269 1594 in
293 1533 402 1613 quibus
425 1535 536 1615 aliquid
565 1536 681 1596 consilii
708 1545 759 1598 aut
786 1537 935 1616 dignitatis
966 1538 1036 1618 luit,
1064 1555 1098 1596 eo
1130 1551 1274 1594 convene-

102 1631 179 1697 rant,
203 1631 267 1683 tum
290 1625 408 1684 navium
432 1625 511 1704 quod
539 1624 650 1703 ubique
679 1626 776 1686 luerat
799 1629 830 1685 in
858 1644 951 1686 unum
979 1626 1077 1687 locum
1103 1629 1274 1702 coegerant,

102 1710 211 1790 quibus
234 1713 350 1773 amissis
373 1712 481 1792 reliqui
503 1731 602 1792 neque
626 1732 685 1792 quo
708 1733 740 1774 se
764 1717 942 1794 reciperent,
966 1732 1062 1793 neque
1086 1711 1274 1791 quemadmo-
1293 1726 1309 1773 3

102 1799 173 1861 dum
196 1800 302 1879 oppida
326 1800 534 1883 defenderent,
558 1801 713 1863 habebant.
759 1802 861 1881 ltaque
888 1820 919 1862 se
946 1820 1058 1880 suaque
1082 1802 1181 1860 omnia
1204 1799 1274 1860 Cac-

103 1891 163 1948 sari
194 1887 382 1950 dediderunt.
437 1889 469 1951 in
508 1909 583 1968 quos
616 1908 651 1949 eo
683 1892 802 1969 gravius
835 1890 943 1951 Caesar
974 1888 1184 1949 vindicandum
1218 1896 1313 1949 sta-4

103 1979 173 2057 tuit,
205 1994 264 2055 quo
292 1976 462 2056 diligentius
494 1980 524 2038 in
556 1978 706 2056 reliquum
733 1987 851 2056 tempus
884 1997 900 2037 a
935 1976 1068 2054 barbaris
1096 1979 1143 2037 ius
1169 1975 1277 2054 legato-

103 2084 170 2125 rum
190 2073 426 2125 conservaretur.
460 2065 562 2143 ltaque
582 2068 661 2126 omni
681 2073 786 2126 senatu
805 2074 909 2125 necato
934 2065 1064 2143 reliquos
1088 2063 1143 2125 sub
1167 2080 1278 2124 corona

103 2153 246 2213 vendidit.

141 2321 207 2390 Cap.
224 2328 264 2376 15.
286 2328 309 2375 1.
329 2337 403 2375 cum
417 2353 451 2362 ·-
467 2323 663 2379 circumste-

104 2393 268 2447 terant-
288 2393 557 2449 contendebant:
575 2397 662 2466 vergi.

105 2481 127 2517 c.
152 2468 185 2516 12
214 2481 249 2516 au
276 2479 340 2516 cum
365 2462 546 2520 incitavisset.
576 2497 609 2506 —
638 2474 663 2524 2.

104 2533 197 2588 fieri:
226 2552 248 2588 s.
268 2540 296 2600 1,
315 2539 331 2587 2
355 2552 390 2588 au
412 2534 550 2590 inductus.
573 2568 607 2577 -
633 2538 664 2592 ei

106 2604 157 2659 rei
175 2605 201 2658 d.
216 2604 235 2660 i.
254 2605 454 2674 expugnationi
472 2607 598 2676 narium3
617 2610 663 2664 rib.

106 2677 160 2730 den
177 2675 263 2729 Datin
289 2693 309 2730 s.
329 2681 360 2742 2,
379 2681 423 2730 20.
442 2708 477 2718 -
501 2695 578 2760 quo:
598 2697 619 2734 s.
640 2687 664 2749 1,

105 2750 139 2802 38
164 2765 199 2800 au
222 2745 270 2800 ibi.
291 2777 324 2786 -
348 2747 484 2803 ferebat
505 2767 545 2803 rm
562 2751 663 2805 transi-

104 2818 182 2873 tiven
203 2817 302 2871 Sinne:
320 2817 402 2872 trieb.
413 2848 447 2858 -
461 2820 608 2875 malacia
626 2838 664 2876 ac

105 2887 367 2956 tranquillitas:
391 2888 442 2942 das
466 2889 564 2944 aweite
582 2891 666 2946 Wort

109 2959 244 3013 erlautert
262 2958 312 3012 das
329 2961 401 3012 erate
416 2959 597 3028 (Windstiile)
616 2980 666 3015 un·

106 3028 330 3097 geuthnlichere
347 3028 405 3083 und
424 3030 552 3086 seltnere.
572 3031 666 3101 Vergl.

105 3098 152 3154 die
184 3098 314 3153 thuliche
341 3099 526 3170 Verbindung
560 3109 588 3169 6,
618 3108 666 3157 15:

107 3170 252 3225 ambactos
271 3169 451 3239 clientesque.
469 3203 503 3211 -
522 3188 667 3228 commo-

105 3257 185 3295 vere
198 3256 263 3295 non
277 3244 430 3309 possent:
445 3241 563 3312 folgiich
573 3261 667 3299 waren

108 3312 154 3366 die
186 3310 289 3366 Schiffe
320 3329 373 3365 nur
401 3312 580 3383 Segelschiffe
610 3315 668 3369 und

107 3383 207 3437 hatten
219 3383 302 3438 keiue
316 3383 417 3439 audet.
433 3414 466 3423 -
482 3384 573 3449 Quae
591 3386 667 3453 qui·

108 3454 180 3508 dem
199 3469 265 3507 res:
284 3453 353 3507 tiber
371 3453 416 3508 die
430 3455 597 3525 Bedeutung
611 3473 667 3512 von

109 3524 222 3593 quidem
241 3541 262 3578 s.
278 3530 303 3591 1,
318 3530 365 3591 53,
385 3531 400 3580 6
420 3543 454 3579 au
472 3525 527 3580 den
540 3526 667 3583 Worten.

110 3625 143 3635 -
175 3593 388 3649 interventu:
420 3594 588 3666 Bedeutung
619 3599 668 3652 des

109 3663 255 3718 Abiativs?
280 3694 316 3703 -
344 3666 577 3733 pervenerint:
606 3669 668 3723 Bei-

111 3734 182 3804 spiel
215 3735 290 3789 eines
317 3733 496 3803 Folgesatzes
523 3736 577 3791 mit
603 3738 668 3793 dem

110 3805 187 3874 Conj.
202 3804 276 3861 Peri.
294 3803 389 3874 Vergl.
405 3805 464 3860 dies
478 3807 601 3877 Beispiel
615 3809 668 3865 mit

109 3876 173 3931 dem
196 3875 289 3944 gleich
311 3876 559 3946 vorhergehenden
581 3881 614 3932 nt
634 3911 667 3920 -

109 3951 231 4016 possent.
258 3946 351 4001 Ueber
369 3946 415 4001 die
428 3947 596 4019 Bedentuug
613 3968 669 4006 von

108 4018 240 4087 pervenio
265 4035 285 4070 s.
307 4023 340 4086 .1,
364 4023 393 4085 l,
414 4024 437 4072 1.
461 4050 495 4058 -
519 4021 560 4075 ab
587 4021 671 4077 hora

109 4088 181 4143 iere
200 4090 323 4157 quarta
341 4088 367 4142 d.
377 4088 396 4144 i.
412 4095 447 4143 10
460 4089 520 4144 Uhr
534 4091 582 4146 des
595 4091 669 4148 Mor·

108 4176 184 4229 gens.
206 4189 237 4197 —
262 4161 473 4228 pugnaretur
497 4161 559 4215 uba.
585 4165 669 4219 activ.

94 4241 103 4263 ’
145 4228 210 4300 Gap.
235 4235 276 4284 16.
302 4237 326 4284 1.
345 4229 552 4286 Venetorum
577 4234 669 4290 tibers.

109 4301 183 4355 nach
209 4307 237 4367 1,
266 4307 282 4354 2
308 4319 341 4354 zu
366 4302 447 4371 regni
472 4302 625 4372 cupiditate
644 4322 668 4359 a.

109 4371 264 4440 Uebrigens
287 4372 373 4442 vergi
400 4389 423 4426 c.
449 4378 465 4426 5
490 4390 524 4426 zu
548 4373 669 4432 Nervico

716 2323 832 2394 proelio.
851 2355 884 2364 -
905 2286 1099 2379 confectum
1119 2323 1183 2377 est:
1201 2322 1278 2377 siehe

718 2401 742 2462 1,
768 2401 802 2449 30
829 2415 864 2450 zu
888 2395 953 2450 dem
971 2394 1077 2449 Wort-e.
1097 2426 1130 2435 —
1159 2399 1183 2448 2.
1203 2411 1279 2448 cnm

717 2497 751 2507 -
773 2469 857 2520 tum:
882 2466 912 2520 in
930 2465 1022 2520 dieser
1039 2463 1277 2520 Partiirelverbin-

718 2538 795 2606 dung
809 2536 928 2605 (sowohl
942 2537 1010 2593 ...ais
1020 2535 1182 2603 besonders3
1198 2535 1279 2590 nicht

718 2626 770 2662 nur
790 2608 937 2662 ...sondern
953 2608 1035 2675 auch)
1055 2607 1138 2661 achte
1157 2605 1208 2660 auf
1223 2606 1278 2658 den

717 2679 830 2744 Modus:
861 2679 911 2732 der
943 2679 997 2731 mit
1032 2681 1093 2731 tum
1124 2676 1279 2745 angefiigte

719 2749 784 2804 Sata
806 2748 916 2803 enthtlt
939 2748 989 2801 das
1007 2747 1198 2816 ‘Wichtigere3
1221 2746 1278 2813 vgl.

719 2839 741 2872 a.
760 2820 792 2872 Β.
807 2825 836 2888 2,
855 2825 873 2872 4
896 2817 945 2888 qui
968 2834 1032 2872 cum
1050 2833 1169 2886 magnae
1191 2816 1279 2886 partia

717 2890 817 2944 harum
844 2889 990 2959 regionum
1017 2890 1079 2943 tum
1107 2887 1192 2942 etiam
1217 2886 1278 2940 Bri·

720 2960 844 3015 tanniae
868 2959 1019 3030 imperium
1051 2958 1212 3014 obtinuerit.
1245 2988 1279 2997 —

721 3031 894 3100 gravioris
917 3030 1062 3086 aetatis:
1088 3029 1279 3099 Bajahrteren.

721 3133 755 3141 -
775 3117 812 3156 ec
831 3103 1075 3156 convenerant:
1095 3115 1141 3168 eo,
1161 3100 1187 3155 d.
1205 3099 1223 3155 i.
1243 3099 1279 3153 ad

720 3172 750 3226 id
763 3172 869 3226 bellum
884 3172 951 3226 oder
964 3172 993 3226 in
1008 3188 1086 3227 oram
1099 3170 1279 3224 maritimam.

721 3241 1280 3297 -navium-fueratzihrestmmt

720 3313 813 3369 lichen
837 3312 951 3380 Schiffe‚
974 3313 1012 3368 ist
1035 3311 1223 3382 Objectivsatz
1246 3330 1281 3365 zu

722 3385 883 3454 coegerant,
903 3384 958 3454 vgl.
975 3390 999 3450 1,
1013 3388 1046 3437 51
1067 3383 1143 3452 quod
1162 3381 1231 3438 satis
1245 3413 1280 3422 -

722 3457 777 3524 est;
792 3471 898 3510 warum
908 3455 985 3510 steht
997 3453 1111 3509 navium
1120 3470 1170 3509 vor
1186 3453 1282 3522 quod?

721 3525 775 3580 Ein
799 3526 916 3580 anderen
934 3525 1080 3579 Ausdruck
1103 3525 1185 3579 dafrir
1203 3524 1283 3579 steht

722 3602 801 3664 4,22.
812 3628 844 3636 -
856 3596 1079 3651 3.habebant:
1098 3599 1229 3650 wrissten.
1246 3626 1279 3634 —

721 3673 747 3723 4.
771 3683 808 3722 eo
832 3667 985 3738 gravius:
1014 3683 1047 3722 eo
1070 3667 1123 3720 wie
1146 3667 1280 3732 hoc1‚2

721 3737 751 3791 in
770 3737 825 3792 den
842 3739 961 3792 Worten
978 3737 1033 3792 hoc
1049 3737 1168 3791 facibus.
1184 3767 1217 3775 -
1237 3751 1281 3789 so-

723 3808 798 3863 wohl
821 3808 857 3863 in
881 3809 1053 3877 reliquum
1077 3810 1212 3875 tempus
1238 3805 1280 3860 als
1342 3870 1344 3876 Ι

722 3879 795 3934 auch
817 3879 868 3935 ius
891 3881 1086 3949 legatorum
1108 3879 1168 3932 tbs.
1193 3875 1281 3931 durch

723 3949 776 4004 ein
800 3951 890 4005 Wort
915 3981 946 3990 -
972 3949 1178 4016 reliquos-
1201 3965 1280 4002 ven·

723 4020 827 4074 didit:
860 4021 906 4075 die
932 4020 1050 4090 iibrigen
1078 4017 1223 4072 verkaufte
1251 4035 1281 4072 er

724 4091 766 4146 als
786 4090 916 4158 sclarea:
935 4091 989 4145 den
1005 4089 1281 4170 Kriegrgelangenen

722 4161 846 4217 nltmlich
865 4162 973 4228 wurde,
991 4177 1073 4215 wenn
1092 4176 1132 4214 s1e
1146 4160 1188 4214 als
1203 4158 1280 4214 Scia-

723 4249 777 4287 ven
809 4231 939 4286 rerkauit
970 4232 1082 4286 werden
1109 4231 1223 4299 sollten,
1250 4231 1281 4285 in

724 4303 772 4427 dett·
795 4302 902 4356 alteren
920 4301 981 4357 Zeit
1004 4302 1049 4357 ein
1072 4301 1163 4356 Kranz
1186 4301 1281 4372 anige-

723 4390 752 4428 se
767 4375 801 4430 n.
