2804 4778
160 226 227 291 258
566 226 615 282 DE
634 224 754 283 BELLO
774 224 929 281 Gannico

160 393 318 474 probarem
339 386 470 474 (tantum
488 393 566 471 apud
584 411 632 453 me
651 393 778 472 dignitas
797 384 920 474 potest),
943 393 969 452 si
992 391 1102 453 nullam
1125 400 1347 471 praeterquam

126 485 238 544 avitae
262 490 380 541 nostrae
404 483 549 542 iacturam
571 483 636 541 lieri
659 481 804 559 viderem3
828 479 880 540 sed
903 482 934 539 in
958 480 1082 540 consilio
1106 481 1251 560 capiendo
1278 498 1347 543 om·

162 589 231 631 nem
250 569 371 630 Galliam
389 572 592 649 respiciamus,
616 586 704 647 quam
727 569 764 629 ad
787 575 924 629 nostrum
947 567 1089 630 auxilium
1113 571 1344 632 concitavimus

127 671 143 720 8
163 658 240 729 Quid
263 659 417 719 hominum
440 657 559 719 milibus
577 656 684 716 LXXX
702 674 762 716 uno
785 656 850 716 loco
874 657 1041 716 interiectis
1064 659 1242 736 propinquis
1268 677 1346 719 con·

163 749 392 826 sanguineisque
412 749 523 806 nostris
541 747 631 807 animi
654 746 719 805 fore
738 746 921 826 existimatis,
945 747 970 804 si
992 763 1086 824 paene
1105 747 1137 805 in
1155 747 1229 824 ipsis
1253 747 1345 807 cada·

126 833 282 896 avaribus
304 834 418 914 proelio
442 835 597 896 decertare
620 829 787 913 cogentur?
832 832 928 893 Nolite
952 832 1007 893 hos
1030 841 1129 894 vestro
1153 834 1263 895 auxilio
1289 854 1342 896 ex·

162 924 302 1003 spoliare,
333 925 384 1002 qui
412 932 528 983 vestrae
559 923 663 983 salutis
692 939 781 982 causa
812 938 900 982 suarm
931 921 1099 1000 periculum
1131 922 1342 1003 neglexerunt,

162 1031 218 1072 nec
249 1012 373 1072 stultitia
403 1029 437 1072 ac
467 1013 634 1072 temeritate
664 1019 762 1071 vestra
789 1017 840 1071 aut
869 1011 959 1070 animi
987 1009 1189 1071 imbecillitate
1217 1030 1343 1073 omnem

111 1111 143 1160 10
163 1100 284 1161 Galliam
307 1108 498 1179 prosternere
523 1107 552 1160 et
574 1106 736 1180 perpetuae
761 1099 898 1160 servituti
921 1097 1067 1158 subicere.
1112 1099 1172 1179 hu,
1196 1099 1278 1177 quod
1301 1099 1340 1161 ad

162 1189 241 1249 diem
264 1207 323 1249 non
347 1196 509 1268 venerunt,
531 1187 568 1247 de
592 1205 697 1248 eorum
720 1186 777 1249 lide
800 1187 1025 1265 constantiaque
1049 1184 1212 1249 dubitatis?
1259 1188 1341 1259 Quid

163 1273 256 1355 ergo?
301 1276 450 1336 Romanos
480 1278 511 1337 in
541 1276 599 1337 illis
630 1274 825 1337 ulterioribus
852 1274 1067 1336 munitionibus
1095 1278 1223 1337 animine
1248 1295 1340 1338 causa

111 1376 142 1424 11
163 1364 270 1425 cotidie
294 1366 429 1425 exerceri
450 1361 583 1444 putatis?
620 1364 652 1424 Si
675 1363 793 1425 illorum
813 1365 926 1424 nuntiis
944 1364 1115 1424 confirmari
1132 1383 1192 1425 non
1210 1368 1343 1444 potestis

162 1455 243 1513 omni
274 1452 355 1514 aditu
383 1461 555 1534 praesepto,
583 1453 629 1513 his
660 1454 778 1513 utimini
806 1450 935 1512 testibus
962 1455 1200 1532 appropinquare
1231 1472 1340 1515 eorum

162 1541 333 1622 adventum;
366 1544 452 1603 cuius
479 1544 524 1602 rei
556 1543 663 1602 timore
693 1542 829 1602 exterriti
859 1540 939 1601 diem
969 1547 1148 1619 noctemque
1179 1543 1210 1602 in
1244 1561 1338 1621 opere

110 1641 143 1690 12
163 1639 327 1691 versantur.
374 1630 450 1701 Quid
475 1649 546 1710 crgo
570 1632 629 1691 mei
652 1629 767 1690 consilii
791 1624 858 1689 est?
902 1627 1027 1709 Facere,
1050 1629 1130 1708 quod
1152 1633 1251 1691 nostri
1273 1648 1336 1691 ma·

162 1721 241 1778 iores
264 1737 451 1797 nequaquam
474 1721 538 1798 pari
557 1718 634 1779 bello
654 1717 842 1779 Cimbrorum
861 1716 1091 1796 Teutonumque
1111 1718 1261 1800 iecerunt3
1286 1723 1340 1797 qui

162 1809 192 1866 in
216 1807 324 1886 oppida
348 1807 493 1886 compulsi
516 1826 549 1868 ac
574 1807 663 1867 simili
685 1808 784 1885 inopia
808 1805 923 1866 subacti
947 1823 1052 1866 eorum
1074 1806 1263 1890 corporibus,
1285 1810 1341 1886 qui

162 1903 257 1956 aetate
281 1895 317 1955 ad
340 1894 451 1957 bellum
473 1895 594 1957 inutiles
617 1894 807 1976 videbantur,
834 1896 923 1956 vitam
951 1893 1153 1956 toleraverunt
1182 1913 1280 1975 neque
1306 1915 1340 1958 so

111 1995 143 2043 la
163 1983 299 2044 hostibus
322 1983 519 2054 tradiderunt.
565 1984 657 2045 Cuius
681 1986 726 2044 rei
749 1985 775 2044 si
797 1982 965 2061 exemplum
987 2000 1048 2043 non
1071 1981 1266 2066 haberemus,
1294 1993 1337 2046 ta-

163 2089 231 2132 men
255 2072 401 2133 libertatis
424 2091 514 2134 causa
536 2075 652 2134 institui
675 2082 707 2133 et
727 2074 857 2151 posteris
883 2071 971 2150 prodi
999 2071 1235 2150 pulcherrimum
1259 2073 1339 2134 iudi-

111 2172 144 2220 14
163 2179 270 2221 caram.
312 2160 386 2221 Nam
410 2162 480 2240 quid
504 2161 546 2222 illi
569 2161 664 2222 simile
688 2160 766 2222 bello
789 2155 866 2220 luit?
908 2158 1090 2238 Depopulata
1113 2159 1203 2220 Galba
1223 2161 1341 2225 Cimbri

162 2266 326 2327 magnaque
357 2249 435 2309 illata
466 2249 631 2311 calamitate
661 2249 770 2310 finibus
806 2248 926 2327 quidem
957 2250 1067 2308 nostris
1097 2247 1255 2327 aliquando
1290 2269 1342 2311 ex·

164 2345 322 2397 cesserunt
339 2345 428 2415 atque
448 2337 519 2398 alias
537 2348 634 2398 terras
656 2341 822 2418 petierunt3
841 2339 915 2416 iura,
939 2335 1028 2417 leges,
1051 2354 1147 2417 agros,
1168 2337 1342 2399 libertatem

111 2436 144 2485 to
164 2423 250 2484 nobis
269 2425 464 2503 reliquerunt.
501 2425 626 2486 Romani
645 2445 715 2487 vero
735 2425 806 2504 quid
825 2432 931 2504 petunt
954 2425 1034 2485 aliud
1056 2433 1108 2486 aut
1130 2425 1201 2504 quid
1224 2426 1342 2509 volunt,

162 2611 186 2666 si
200 2641 234 2651 -—
247 2628 304 2666 non
317 2612 492 2681 haberemus,
510 2612 670 2669 iudicarem.
687 2645 720 2654 -—
774 2614 943 2680 heremus,
958 2643 989 2652 -
999 2612 1205 2668 iudicaremz
1216 2612 1339 2683 Beispiel

161 2682 326 2752 dignitas:
346 2682 406 2737 hier
424 2683 469 2737 die
484 2685 721 2753 persdnl.Wiirde
774 2683 819 2737 fiir
842 2683 896 2738 den
918 2682 1066 2738 Gabrauch
1089 2700 1145 2739 von
1167 2682 1192 2738 si
1214 2714 1250 2724 —
1271 2701 1337 2740 non.

160 2753 463 2822 undAutorit'atderer‚
475 2754 521 2809 die
532 2755 576 2809 hir
589 2756 721 2811 denAus-
775 2784 810 2794 -
824 2753 978 2808 institui:
993 2754 1162 2825 eingefdhrt,
1175 2756 1338 2811 1111111111-

160 2823 567 2894 fallgeatimmthatten.—8.
586 2826 720 2896 proelio
774 2825 897 2949 qestesst.
924 2855 958 2864 —
985 2831 1027 2878 14.
1053 2826 1136 2880 Nam
1164 2825 1248 2906 quid
1271 2830 1337 2882 etc:

161 2895 353 2952 decertare:
373 2913 393 2951 1.
410 2902 464 2964 t,2
484 2915 518 2951 au
536 2896 720 2952 induetua.—
794 2911 848 2950 ann
869 2911 927 2950 was
945 2896 1026 2950 hatte
1044 2895 1125 2966 jener
1142 2896 1339 2967 (cimbrische)

161 2972 185 3020 9,
205 2966 323 3021 Nolite
342 2997 376 3006 —
395 2966 607 3036 exspoliare:
626 2967 719 3037 Beisp.
774 2965 862 3036 Krieg
874 2966 1044 3021 Aehnliches
1057 2965 1111 3020 mit
1124 2984 1237 3022 unsorm
1254 2967 1338 3037 jem-

160 3036 208 3091 des
236 3037 267 3092 in
293 3037 343 3090 der
371 3039 457 3106 guten
479 3038 567 3092 Proaa
589 3039 720 3108 31111111-
774 3053 829 3106 gen
843 3040 943 3107 (gegen
958 3037 1003 3091 die
1017 3037 1150 3108 Erimon?
1169 3037 1196 3093 d.
1209 3039 1238 3092 h.
1253 3038 1338 3108 jener

160 3106 253 3162 lichen
279 3108 440 3162 Ausdrucks
469 3107 514 3162 fiir
541 3109 587 3164 ein
614 3108 721 3165 Verbot
774 3107 861 3177 Krieg
872 3125 931 3162 war
945 3125 1018 3163 zuar
1032 3110 1082 3164 der
1095 3111 1338 3178 grausamstevon

160 3177 251 3243 (nicht
277 3195 312 3232 ne
345 3178 505 3248 exspolietis
538 3180 605 3235 oder
636 3197 720 3250 expo·
774 3178 851 3233 allen
868 3178 962 3234 bisher
981 3178 1139 3248 ι1111111111,
1158 3179 1246 3234 111111
1262 3180 1337 3236 noch

159 3245 247 3316 11111).
267 3279 301 3289 -
321 3256 362 3304 10.
382 3252 443 3303 An:
462 3268 483 3304 s.
503 3258 527 3318 1,
546 3257 580 3304 41
599 3269 635 3305 11
652 3251 721 3319 quid
774 3265 936 3318 graueamer
964 3249 1003 3304 111
1028 3249 1089 3317 der,
1118 3251 1172 3304 den
1191 3251 1243 3306 wir
1264 3251 1339 3320 jetat

161 3347 194 3357 —
218 3334 310 3373 causa.
332 3348 364 3360 —
385 3320 425 3373 ad
444 3320 544 3375 diem:
568 3340 589 3376 s.
609 3328 639 3390 2,
659 3328 683 3390 5,
704 3330 719 3376 1
774 3320 827 3375 mit
844 3320 899 3374 den
916 3321 1039 3375 Rdmern
1056 3321 1170 3387 fiihren,
1188 3321 1263 3376 (1111
1282 3339 1339 3377 von

160 3406 194 3442 zu
212 3387 238 3442 d.
253 3389 298 3443 W.
313 3421 346 3429 —
366 3389 452 3454 Quid
471 3399 569 3462 ergo?
588 3393 641 3447 etc.
661 3395 720 3447 ent
774 3389 870 3446 diesen
893 3391 932 3446 ist
954 3391 1004 3447 das
1027 3391 1107 3445 nicht
1129 3409 1163 3446 au
1188 3395 1337 3458 erwarten,

159 3458 222 3512 halt
239 3459 293 3513 den
310 3459 417 3515 Beweis
436 3460 480 3514 fiir
498 3462 558 3517 ihre
576 3463 645 3518 lidos
662 3464 721 3518 und
774 3478 832 3516 was
851 3461 896 3516 die
915 3460 1044 3517 Cimbern
1063 3462 1177 3532 gethan,
1196 3463 1243 3517 die
1261 3463 1337 3518 doch

160 3530 380 3585 1111111111-
406 3532 634 3588 ulterioribus
658 3534 720 3589 sind
773 3531 941 3602 wenigstens
960 3532 1096 3657 (quidcqq)
1113 3533 1218 3588 wieder
1231 3532 1337 3591 einmal

161 3600 206 3655 die
225 3619 247 3655 c.
269 3601 538 3657 'ltbeschriebenen
557 3605 720 3674 gagauden
773 3604 936 3674 abgezogen
953 3603 1041 3657 sind*
1089 3621 1144 3658 enn
1161 3622 1219 3658 nun
1236 3621 1339 3662 unsara

160 3675 275 3726 ’1111111
297 3671 385 3727 Feind
409 3673 584 3742 gerichteten
606 3676 719 3731 Werke.
772 3672 929 3729 Vorfahren
944 3675 1024 3744 J'enea
1038 3674 1161 3745 Beispiel
1179 3675 1267 3730 schoa
1285 3693 1339 3746 ga·

160 3773 195 3782 -
219 3743 369 3798 animine
394 3760 509 3798 causa:
532 3745 608 3800 siehe
628 3752 656 3813 5,
677 3754 719 3816 12,
772 3745 836 3813 ben,
856 3761 886 3799 so
906 3751 1017 3800 mtissen
1035 3745 1087 3799 wir
1104 3762 1133 3802 es
1147 3763 1195 3800 um
1208 3762 1239 3800 so
1253 3747 1339 3802 mehr

161 3820 186 3867 6.
205 3843 241 3854 -
260 3820 302 3869 11.
321 3814 473 3869 illorum:
492 3815 542 3870 des
560 3815 719 3872 entlemten
773 3817 853 3871 thun.
867 3845 903 3856 ·-
916 3815 1150 3885 Depopulata:
1169 3817 1266 3872 merke
1280 3818 1338 3873 den

159 3884 719 3942 Ε1111111111111.-111111111ᾱί11111-
773 3886 905 3956 passiven
932 3886 1087 3943 Gabrauch.
1115 3918 1146 3927 -
1177 3886 1339 3944 Cimbriz

159 3970 227 4011 mer.
247 3987 280 3997 —
304 3957 392 4011 diem
414 3959 630 4026 noctemque:
655 3959 719 4014 uie-
773 3957 891 4012 bsachte
915 3956 960 4012 die
980 3957 1111 4026 Stellung
1132 3957 1182 4013 des
1205 3957 1339 4028 Subjects

160 4025 273 4081 derhole
292 4027 342 4082 das
358 4034 382 4097 1,
397 4033 431 4083 38
449 4047 476 4082 n.
495 4036 521 4098 5,
540 4035 574 4084 38
589 4047 622 4083 zu
636 4030 662 4084 d.
673 4030 717 4086 W.
773 4027 1248 4085 awischendenbeidenltblativen.
1268 4029 1336 4100 Vgl.

159 4096 316 4154 Bemerlrte.
343 4130 376 4139 —
408 4106 449 4154 ta.
479 4098 565 4163 Quid
592 4132 624 4142 -
653 4103 718 4156 est:
773 4114 796 4153 c.
817 4104 841 4166 1,
860 4104 877 4152 4
895 4117 931 4152 zu
949 4098 1100 4168 principem
1124 4101 1228 4155 abanso
1246 4117 1270 4154 c.
1290 4107 1339 4172 81,

160 4188 209 4223 zur
233 4169 395 4240 Erklitrung
416 4171 465 4226 des
491 4169 618 4226 Genitivs
643 4189 664 4225 s.
694 4178 718 4240 t,
774 4176 863 4224 luno
882 4168 928 4224 die
947 4169 1104 4225 intermisso
1124 4168 1199 4226 Galli
1217 4172 1271 4228 etc.
1296 4202 1335 4214 -

160 4244 193 4291 21
209 4258 243 4293 zu
257 4241 325 4308 quid
339 4241 383 4296 sui
397 4240 507 4298 consilii
521 4241 719 4297 sit-cim·
774 4246 816 4295 15.
840 4240 921 4308 quid
944 4271 979 4280 -
1004 4241 1139 4309 volunt,
1162 4240 1243 4296 nisi:
1271 4243 1337 4298 Bei-

160 4309 296 4363 brorum
311 4313 620 4381 Teutonumqueas.
637 4320 661 4381 1,
676 4319 719 4381 33,
774 4311 845 4381 spiel
869 4311 915 4365 far
939 4311 994 4366 nisi
1018 4312 1048 4366 in
1073 4312 1137 4366 dem
1163 4311 1250 4367 Sinna
1278 4331 1336 4369 von

157 4383 177 4431 4
196 4397 229 4432 zu
248 4380 274 4433 d.
294 4381 338 4436 W.
358 4411 391 4425 -
416 4389 458 4438 13.
478 4384 559 4438 si-
577 4400 642 4438 non
661 4385 719 4438 ha·
773 4384 969 4452 praeterquam
988 4384 1061 4438 nach
1074 4383 1252 4452 Negationem
1267 4385 1339 4441 oder
