<?xml version="1.0" encoding="UTF-8"?>
<!DOCTYPE html PUBLIC "-//W3C//DTD XHTML 1.0 Transitional//EN"
    "http://www.w3.org/TR/xhtml1/DTD/xhtml1-transitional.dtd">
<html xmlns="http://www.w3.org/1999/xhtml" xml:lang="en" lang="en">
 <head>
  <title>
</title>
<meta http-equiv="Content-Type" content="text/html;charset=utf-8" />
  <meta name='ocr-system' content='tesseract 3.04.00' />
  <meta name='ocr-capabilities' content='ocr_page ocr_carea ocr_par ocr_line ocrx_word'/>
</head>
<body>
  <div class='ocr_page' id='page_1' title='image "./ciuliicaesarisc00dobegoog_0136.png"; bbox 0 0 2804 4778; ppageno 0'>
   <div class='ocr_carea' id='block_1_1' title="bbox 176 199 944 262">
    <p class='ocr_par' dir='ltr' id='par_1_1' title="bbox 176 199 944 262">
     <span class='ocr_line' id='line_1_1' title="bbox 176 199 944 262; baseline -0.009 0"><span class='ocrx_word' id='word_1_1' title='bbox 176 199 241 262; x_wconf 83' lang='lat'><strong>114</strong></span> <span class='ocrx_word' id='word_1_2' title='bbox 579 199 628 253; x_wconf 83' lang='lat' dir='ltr'><strong>DE</strong></span> <span class='ocrx_word' id='word_1_3' title='bbox 647 199 766 254; x_wconf 85' lang='lat' dir='ltr'>BELLO</span> <span class='ocrx_word' id='word_1_4' title='bbox 786 199 944 255; x_wconf 73' lang='lat' dir='ltr'><strong>GALLICO</strong></span> 
     </span>
    </p>
   </div>
   <div class='ocr_carea' id='block_1_2' title="bbox 138 363 1350 2121">
    <p class='ocr_par' dir='ltr' id='par_1_2' title="bbox 138 363 1350 2121">
     <span class='ocr_line' id='line_1_2' title="bbox 174 363 1348 444; baseline 0.005 -20"><span class='ocrx_word' id='word_1_5' title='bbox 174 369 286 426; x_wconf 86' lang='lat' dir='ltr'><strong>vocatis</strong></span> <span class='ocrx_word' id='word_1_6' title='bbox 316 367 351 426; x_wconf 84' lang='lat' dir='ltr'><strong>ad</strong></span> <span class='ocrx_word' id='word_1_7' title='bbox 379 384 410 424; x_wconf 93' lang='lat' dir='ltr'><strong>se</strong></span> <span class='ocrx_word' id='word_1_8' title='bbox 443 363 574 442; x_wconf 89' lang='lat' dir='ltr'><strong>undiquc</strong></span> <span class='ocrx_word' id='word_1_9' title='bbox 607 364 822 425; x_wconf 82' lang='lat' dir='ltr'><strong>mercatoribus</strong></span> <span class='ocrx_word' id='word_1_10' title='bbox 854 384 951 444; x_wconf 78' lang='lat' dir='ltr'><strong>neqtre</strong></span> <span class='ocrx_word' id='word_1_11' title='bbox 979 373 1088 443; x_wconf 77' lang='lat' dir='ltr'><strong>:prauus</strong></span> <span class='ocrx_word' id='word_1_12' title='bbox 1120 376 1201 427; x_wconf 90' lang='lat' dir='ltr'><strong>esset</strong></span> <span class='ocrx_word' id='word_1_13' title='bbox 1230 368 1348 430; x_wconf 89' lang='lat' dir='ltr'><strong>insulae</strong></span> 
     </span>
     <span class='ocr_line' id='line_1_3' title="bbox 176 454 1350 536; baseline 0.003 -22"><span class='ocrx_word' id='word_1_14' title='bbox 176 455 359 534; x_wconf 83' lang='lat' dir='ltr'>magnitudo,</span> <span class='ocrx_word' id='word_1_15' title='bbox 390 471 486 531; x_wconf 91' lang='lat' dir='ltr'><strong>neque</strong></span> <span class='ocrx_word' id='word_1_16' title='bbox 520 471 595 530; x_wconf 89' lang='lat' dir='ltr'><strong>quac</strong></span> <span class='ocrx_word' id='word_1_17' title='bbox 628 462 678 513; x_wconf 92' lang='lat' dir='ltr'><strong>aut</strong></span> <span class='ocrx_word' id='word_1_18' title='bbox 711 460 837 531; x_wconf 89' lang='lat' dir='ltr'><strong>quantae</strong></span> <span class='ocrx_word' id='word_1_19' title='bbox 872 456 1006 514; x_wconf 88' lang='lat' dir='ltr'><strong>nationes</strong></span> <span class='ocrx_word' id='word_1_20' title='bbox 1038 454 1216 536; x_wconf 87' lang='lat' dir='ltr'><strong>incolerent,</strong></span> <span class='ocrx_word' id='word_1_21' title='bbox 1247 475 1350 536; x_wconf 81' lang='lat' dir='ltr'><strong>neque</strong></span> 
     </span>
     <span class='ocr_line' id='line_1_4' title="bbox 176 540 1347 624; baseline 0.002 -21"><span class='ocrx_word' id='word_1_22' title='bbox 176 561 265 622; x_wconf 91' lang='lat' dir='ltr'><strong>quem</strong></span> <span class='ocrx_word' id='word_1_23' title='bbox 289 561 375 603; x_wconf 93' lang='lat' dir='ltr'><strong>usum</strong></span> <span class='ocrx_word' id='word_1_24' title='bbox 399 540 469 601; x_wconf 92' lang='lat' dir='ltr'><strong>belli</strong></span> <span class='ocrx_word' id='word_1_25' title='bbox 497 540 642 601; x_wconf 89' lang='lat' dir='ltr'><strong>haberent</strong></span> <span class='ocrx_word' id='word_1_26' title='bbox 670 550 720 601; x_wconf 91' lang='lat' dir='ltr'><strong>aut</strong></span> <span class='ocrx_word' id='word_1_27' title='bbox 743 541 851 620; x_wconf 89' lang='lat' dir='ltr'><strong>quibus</strong></span> <span class='ocrx_word' id='word_1_28' title='bbox 874 544 1019 602; x_wconf 90' lang='lat' dir='ltr'><strong>institutis</strong></span> <span class='ocrx_word' id='word_1_29' title='bbox 1046 550 1217 624; x_wconf 87' lang='lat' dir='ltr'><strong>uterentur,</strong></span> <span class='ocrx_word' id='word_1_30' title='bbox 1245 563 1347 623; x_wconf 88' lang='lat' dir='ltr'><strong>neque</strong></span> 
     </span>
     <span class='ocr_line' id='line_1_5' title="bbox 177 629 1348 712; baseline 0.003 -22"><span class='ocrx_word' id='word_1_31' title='bbox 177 634 227 710; x_wconf 88' lang='lat' dir='ltr'><strong>qui</strong></span> <span class='ocrx_word' id='word_1_32' title='bbox 250 638 351 690; x_wconf 90' lang='lat' dir='ltr'><strong>essent</strong></span> <span class='ocrx_word' id='word_1_33' title='bbox 374 630 409 690; x_wconf 80' lang='lat' dir='ltr'><strong>ad</strong></span> <span class='ocrx_word' id='word_1_34' title='bbox 433 631 579 689; x_wconf 90' lang='lat' dir='ltr'><strong>maiorum</strong></span> <span class='ocrx_word' id='word_1_35' title='bbox 606 631 724 689; x_wconf 86' lang='lat' dir='ltr'><strong>navium</strong></span> <span class='ocrx_word' id='word_1_36' title='bbox 751 629 970 690; x_wconf 81' lang='lat' dir='ltr'><strong>multitudinem</strong></span> <span class='ocrx_word' id='word_1_37' title='bbox 993 630 1092 690; x_wconf 91' lang='lat' dir='ltr'><strong>idonei</strong></span> <span class='ocrx_word' id='word_1_38' title='bbox 1113 640 1233 712; x_wconf 90' lang='lat' dir='ltr'><strong>portus,</strong></span> <span class='ocrx_word' id='word_1_39' title='bbox 1259 650 1348 712; x_wconf 89' lang='lat' dir='ltr'><strong>repe-</strong></span> 
     </span>
     <span class='ocr_line' id='line_1_6' title="bbox 174 721 765 799; baseline -0.01 -19"><span class='ocrx_word' id='word_1_40' title='bbox 174 721 235 780; x_wconf 89' lang='lat' dir='ltr'><strong>rire</strong></span> <span class='ocrx_word' id='word_1_41' title='bbox 258 726 382 798; x_wconf 89' lang='lat' dir='ltr'><strong>poterat.</strong></span> <span class='ocrx_word' id='word_1_42' title='bbox 759 790 765 799; x_wconf 36' lang='grc' dir='ltr'>Ι</span> 
     </span>
     <span class='ocr_line' id='line_1_7' title="bbox 264 805 1344 887; baseline 0.001 -20"><span class='ocrx_word' id='word_1_43' title='bbox 264 805 315 867; x_wconf 82' lang='grc'><strong>21.</strong></span> <span class='ocrx_word' id='word_1_44' title='bbox 339 806 383 866; x_wconf 78' lang='lat' dir='ltr'><strong>Ad</strong></span> <span class='ocrx_word' id='word_1_45' title='bbox 406 807 479 866; x_wconf 91' lang='lat' dir='ltr'><strong>haec</strong></span> <span class='ocrx_word' id='word_1_46' title='bbox 502 805 720 885; x_wconf 83' lang='lat' dir='ltr'><strong>cognoscenda,</strong></span> <span class='ocrx_word' id='word_1_47' title='bbox 742 807 915 884; x_wconf 85' lang='lat' dir='ltr'><strong>priusquam</strong></span> <span class='ocrx_word' id='word_1_48' title='bbox 937 805 1102 884; x_wconf 89' lang='lat' dir='ltr'><strong>periculum</strong></span> <span class='ocrx_word' id='word_1_49' title='bbox 1127 808 1252 887; x_wconf 84' lang='lat' dir='ltr'><strong>laceret,</strong></span> <span class='ocrx_word' id='word_1_50' title='bbox 1280 808 1344 868; x_wconf 89' lang='lat' dir='ltr'><strong>ido-</strong></span> 
     </span>
     <span class='ocr_line' id='line_1_8' title="bbox 175 893 1348 974; baseline 0.001 -18"><span class='ocrx_word' id='word_1_51' title='bbox 175 914 265 956; x_wconf 92' lang='lat' dir='ltr'><strong>neum</strong></span> <span class='ocrx_word' id='word_1_52' title='bbox 290 913 356 955; x_wconf 92' lang='lat' dir='ltr'><strong>esse</strong></span> <span class='ocrx_word' id='word_1_53' title='bbox 379 894 539 954; x_wconf 81' lang='lat' dir='ltr'><strong>arbitratus</strong></span> <span class='ocrx_word' id='word_1_54' title='bbox 563 893 667 954; x_wconf 92' lang='lat' dir='ltr'><strong>Gaium</strong></span> <span class='ocrx_word' id='word_1_55' title='bbox 685 893 866 954; x_wconf 80' lang='lat' dir='ltr'><strong>Volusenum</strong></span> <span class='ocrx_word' id='word_1_56' title='bbox 889 912 957 954; x_wconf 92' lang='lat' dir='ltr'><strong>cum</strong></span> <span class='ocrx_word' id='word_1_57' title='bbox 976 896 1042 953; x_wconf 88' lang='lat' dir='ltr'><strong>navi</strong></span> <span class='ocrx_word' id='word_1_58' title='bbox 1065 894 1150 974; x_wconf 82' lang='lat' dir='ltr'><strong>longa</strong></span> <span class='ocrx_word' id='word_1_59' title='bbox 1172 898 1348 973; x_wconf 89' lang='lat' dir='ltr'><strong>praemittit.</strong></span> 
     </span>
     <span class='ocr_line' id='line_1_9' title="bbox 140 981 1348 1062; baseline 0.002 -20"><span class='ocrx_word' id='word_1_60' title='bbox 140 984 251 1044; x_wconf 78' lang='lat' dir='ltr'><strong>2Huic</strong></span> <span class='ocrx_word' id='word_1_61' title='bbox 278 982 411 1062; x_wconf 92' lang='lat' dir='ltr'><strong>mandat,</strong></span> <span class='ocrx_word' id='word_1_62' title='bbox 440 988 473 1042; x_wconf 89' lang='lat' dir='ltr'><strong>ut</strong></span> <span class='ocrx_word' id='word_1_63' title='bbox 502 981 660 1060; x_wconf 83' lang='lat' dir='ltr'><strong>exploratis</strong></span> <span class='ocrx_word' id='word_1_64' title='bbox 688 981 825 1042; x_wconf 91' lang='lat' dir='ltr'><strong>omnibus</strong></span> <span class='ocrx_word' id='word_1_65' title='bbox 853 982 943 1042; x_wconf 89' lang='lat' dir='ltr'><strong>rebus</strong></span> <span class='ocrx_word' id='word_1_66' title='bbox 970 982 1007 1042; x_wconf 89' lang='lat' dir='ltr'><strong>ad</strong></span> <span class='ocrx_word' id='word_1_67' title='bbox 1035 1001 1067 1042; x_wconf 91' lang='lat' dir='ltr'><strong>se</strong></span> <span class='ocrx_word' id='word_1_68' title='bbox 1100 1001 1188 1061; x_wconf 90' lang='lat' dir='ltr'><strong>quam</strong></span> <span class='ocrx_word' id='word_1_69' title='bbox 1214 986 1348 1062; x_wconf 91' lang='lat' dir='ltr'><strong>primum</strong></span> 
     </span>
     <span class='ocr_line' id='line_1_10' title="bbox 140 1069 1348 1152; baseline 0.002 -22"><span class='ocrx_word' id='word_1_70' title='bbox 140 1081 156 1130; x_wconf 86' lang='lat'><strong>3</strong></span> <span class='ocrx_word' id='word_1_71' title='bbox 176 1080 351 1132; x_wconf 84' lang='lat' dir='ltr'><strong>revertatur.</strong></span> <span class='ocrx_word' id='word_1_72' title='bbox 388 1070 454 1149; x_wconf 93' lang='lat' dir='ltr'><strong>lpse</strong></span> <span class='ocrx_word' id='word_1_73' title='bbox 474 1088 542 1130; x_wconf 91' lang='lat' dir='ltr'><strong>cum</strong></span> <span class='ocrx_word' id='word_1_74' title='bbox 561 1069 699 1130; x_wconf 90' lang='lat' dir='ltr'><strong>omnibus</strong></span> <span class='ocrx_word' id='word_1_75' title='bbox 722 1071 815 1149; x_wconf 92' lang='lat' dir='ltr'><strong>copiis</strong></span> <span class='ocrx_word' id='word_1_76' title='bbox 837 1073 869 1130; x_wconf 93' lang='lat' dir='ltr'><strong>in</strong></span> <span class='ocrx_word' id='word_1_77' title='bbox 887 1070 1017 1130; x_wconf 88' lang='lat' dir='ltr'><strong>Morinos</strong></span> <span class='ocrx_word' id='word_1_78' title='bbox 1039 1071 1248 1152; x_wconf 86' lang='lat' dir='ltr'><strong>proficiscitur,</strong></span> <span class='ocrx_word' id='word_1_79' title='bbox 1267 1072 1348 1150; x_wconf 90' lang='lat' dir='ltr'><strong>quod</strong></span> 
     </span>
     <span class='ocr_line' id='line_1_11' title="bbox 139 1157 1347 1239; baseline 0.004 -23"><span class='ocrx_word' id='word_1_80' title='bbox 139 1160 243 1220; x_wconf 75' lang='lat' dir='ltr'><strong>tiude</strong></span> <span class='ocrx_word' id='word_1_81' title='bbox 268 1167 332 1218; x_wconf 91' lang='lat' dir='ltr'><strong>erat</strong></span> <span class='ocrx_word' id='word_1_82' title='bbox 354 1158 547 1218; x_wconf 90' lang='lat' dir='ltr'><strong>brevissimus</strong></span> <span class='ocrx_word' id='word_1_83' title='bbox 569 1161 601 1218; x_wconf 93' lang='lat' dir='ltr'><strong>in</strong></span> <span class='ocrx_word' id='word_1_84' title='bbox 620 1157 801 1218; x_wconf 89' lang='lat' dir='ltr'><strong>Britanniam</strong></span> <span class='ocrx_word' id='word_1_85' title='bbox 825 1160 975 1218; x_wconf 74' lang='lat' dir='ltr'><strong>traiectus,</strong></span> <span class='ocrx_word' id='word_1_86' title='bbox 1015 1157 1080 1219; x_wconf 89' lang='lat' dir='ltr'><strong>Huc</strong></span> <span class='ocrx_word' id='word_1_87' title='bbox 1101 1177 1191 1219; x_wconf 89' lang='lat' dir='ltr'><strong>naves</strong></span> <span class='ocrx_word' id='word_1_88' title='bbox 1213 1159 1347 1239; x_wconf 89' lang='lat' dir='ltr'><strong>undique</strong></span> 
     </span>
     <span class='ocr_line' id='line_1_12' title="bbox 176 1246 1348 1325; baseline 0.002 -18"><span class='ocrx_word' id='word_1_89' title='bbox 176 1267 212 1307; x_wconf 85' lang='lat' dir='ltr'><strong>ex</strong></span> <span class='ocrx_word' id='word_1_90' title='bbox 225 1248 377 1321; x_wconf 64' lang='lat' dir='ltr'><strong>‚finitimis</strong></span> <span class='ocrx_word' id='word_1_91' title='bbox 404 1246 576 1325; x_wconf 83' lang='lat' dir='ltr'><strong>regionibus</strong></span> <span class='ocrx_word' id='word_1_92' title='bbox 606 1254 636 1306; x_wconf 93' lang='lat' dir='ltr'><strong>et</strong></span> <span class='ocrx_word' id='word_1_93' title='bbox 668 1264 756 1325; x_wconf 92' lang='lat' dir='ltr'><strong>quam</strong></span> <span class='ocrx_word' id='word_1_94' title='bbox 784 1247 938 1325; x_wconf 90' lang='lat' dir='ltr'><strong>superiore</strong></span> <span class='ocrx_word' id='word_1_95' title='bbox 968 1253 1079 1306; x_wconf 89' lang='lat' dir='ltr'><strong>aestate</strong></span> <span class='ocrx_word' id='word_1_96' title='bbox 1107 1246 1144 1306; x_wconf 89' lang='lat' dir='ltr'><strong>ad</strong></span> <span class='ocrx_word' id='word_1_97' title='bbox 1170 1246 1348 1309; x_wconf 87' lang='lat' dir='ltr'><strong>Veneticum</strong></span> 
     </span>
     <span class='ocr_line' id='line_1_13' title="bbox 141 1333 1348 1396; baseline 0.002 -3"><span class='ocrx_word' id='word_1_98' title='bbox 141 1334 286 1395; x_wconf 81' lang='lat' dir='ltr'><strong>obellum</strong></span> <span class='ocrx_word' id='word_1_99' title='bbox 317 1335 455 1394; x_wconf 83' lang='lat' dir='ltr'><strong>effecerat</strong></span> <span class='ocrx_word' id='word_1_100' title='bbox 485 1333 609 1394; x_wconf 82' lang='lat' dir='ltr'><strong>classem</strong></span> <span class='ocrx_word' id='word_1_101' title='bbox 640 1334 724 1394; x_wconf 90' lang='lat' dir='ltr'><strong>iubet</strong></span> <span class='ocrx_word' id='word_1_102' title='bbox 756 1336 923 1394; x_wconf 83' lang='lat' dir='ltr'><strong>convenire.</strong></span> <span class='ocrx_word' id='word_1_103' title='bbox 968 1333 1090 1394; x_wconf 90' lang='lat' dir='ltr'><strong>lntcrim</strong></span> <span class='ocrx_word' id='word_1_104' title='bbox 1124 1334 1248 1395; x_wconf 92' lang='lat' dir='ltr'><strong>consilio</strong></span> <span class='ocrx_word' id='word_1_105' title='bbox 1282 1338 1348 1396; x_wconf 93' lang='lat' dir='ltr'><strong>eius</strong></span> 
     </span>
     <span class='ocr_line' id='line_1_14' title="bbox 177 1421 1348 1502; baseline 0.002 -20"><span class='ocrx_word' id='word_1_106' title='bbox 177 1425 294 1502; x_wconf 83' lang='lat' dir='ltr'><strong>cognito</strong></span> <span class='ocrx_word' id='word_1_107' title='bbox 317 1432 347 1483; x_wconf 93' lang='lat' dir='ltr'><strong>et</strong></span> <span class='ocrx_word' id='word_1_108' title='bbox 369 1440 424 1501; x_wconf 91' lang='lat' dir='ltr'><strong>per</strong></span> <span class='ocrx_word' id='word_1_109' title='bbox 447 1430 627 1482; x_wconf 89' lang='lat' dir='ltr'><strong>mercatores</strong></span> <span class='ocrx_word' id='word_1_110' title='bbox 649 1421 763 1501; x_wconf 90' lang='lat' dir='ltr'><strong>perlato</strong></span> <span class='ocrx_word' id='word_1_111' title='bbox 792 1421 827 1481; x_wconf 94' lang='lat' dir='ltr'><strong>ad</strong></span> <span class='ocrx_word' id='word_1_112' title='bbox 851 1421 1009 1482; x_wconf 91' lang='lat' dir='ltr'><strong>Britannos</strong></span> <span class='ocrx_word' id='word_1_113' title='bbox 1036 1440 1052 1481; x_wconf 90' lang='lat' dir='ltr'><strong>a</strong></span> <span class='ocrx_word' id='word_1_114' title='bbox 1076 1421 1280 1501; x_wconf 86' lang='lat' dir='ltr'><strong>compluribus</strong></span> <span class='ocrx_word' id='word_1_115' title='bbox 1305 1426 1348 1484; x_wconf 92' lang='lat' dir='ltr'><strong>in-</strong></span> 
     </span>
     <span class='ocr_line' id='line_1_15' title="bbox 177 1509 1349 1590; baseline 0.002 -20"><span class='ocrx_word' id='word_1_116' title='bbox 177 1510 257 1571; x_wconf 91' lang='lat' dir='ltr'><strong>sulae</strong></span> <span class='ocrx_word' id='word_1_117' title='bbox 286 1510 453 1571; x_wconf 87' lang='lat' dir='ltr'><strong>civitatibus</strong></span> <span class='ocrx_word' id='word_1_118' title='bbox 488 1509 523 1569; x_wconf 89' lang='lat' dir='ltr'><strong>ad</strong></span> <span class='ocrx_word' id='word_1_119' title='bbox 551 1529 618 1570; x_wconf 92' lang='lat' dir='ltr'><strong>eum</strong></span> <span class='ocrx_word' id='word_1_120' title='bbox 647 1510 734 1588; x_wconf 82' lang='lat' dir='ltr'><strong>legati</strong></span> <span class='ocrx_word' id='word_1_121' title='bbox 761 1512 897 1590; x_wconf 88' lang='lat' dir='ltr'><strong>veniunt,</strong></span> <span class='ocrx_word' id='word_1_122' title='bbox 925 1512 976 1587; x_wconf 92' lang='lat' dir='ltr'><strong>qui</strong></span> <span class='ocrx_word' id='word_1_123' title='bbox 1004 1509 1201 1588; x_wconf 87' lang='lat' dir='ltr'><strong>polliceantur</strong></span> <span class='ocrx_word' id='word_1_124' title='bbox 1228 1510 1349 1572; x_wconf 88' lang='lat' dir='ltr'><strong>obsides</strong></span> 
     </span>
     <span class='ocr_line' id='line_1_16' title="bbox 140 1597 1350 1677; baseline 0.002 -20"><span class='ocrx_word' id='word_1_125' title='bbox 140 1598 245 1658; x_wconf 84' lang='lat' dir='ltr'><strong>6dare</strong></span> <span class='ocrx_word' id='word_1_126' title='bbox 279 1607 366 1677; x_wconf 87' lang='lat' dir='ltr'><strong>atque</strong></span> <span class='ocrx_word' id='word_1_127' title='bbox 394 1601 519 1676; x_wconf 92' lang='lat' dir='ltr'><strong>imperio</strong></span> <span class='ocrx_word' id='word_1_128' title='bbox 549 1598 651 1677; x_wconf 92' lang='lat' dir='ltr'><strong>populi</strong></span> <span class='ocrx_word' id='word_1_129' title='bbox 677 1597 802 1658; x_wconf 85' lang='lat' dir='ltr'><strong>llomani</strong></span> <span class='ocrx_word' id='word_1_130' title='bbox 837 1597 1051 1676; x_wconf 85' lang='lat' dir='ltr'><strong>obtemperare.</strong></span> <span class='ocrx_word' id='word_1_131' title='bbox 1097 1597 1211 1669; x_wconf 85' lang='lat' dir='ltr'><strong>Quibus</strong></span> <span class='ocrx_word' id='word_1_132' title='bbox 1240 1599 1350 1660; x_wconf 90' lang='lat' dir='ltr'><strong>auditis</strong></span> 
     </span>
     <span class='ocr_line' id='line_1_17' title="bbox 172 1685 1350 1767; baseline 0.002 -21"><span class='ocrx_word' id='word_1_133' title='bbox 172 1686 336 1763; x_wconf 80' lang='lat' dir='ltr'><strong>liberaliter</strong></span> <span class='ocrx_word' id='word_1_134' title='bbox 360 1685 508 1765; x_wconf 90' lang='lat' dir='ltr'><strong>pollicitus</strong></span> <span class='ocrx_word' id='word_1_135' title='bbox 536 1685 744 1767; x_wconf 87' lang='lat' dir='ltr'><strong>hortatusque,</strong></span> <span class='ocrx_word' id='word_1_136' title='bbox 773 1693 806 1746; x_wconf 92' lang='lat' dir='ltr'><strong>ut</strong></span> <span class='ocrx_word' id='word_1_137' title='bbox 832 1687 863 1745; x_wconf 94' lang='lat' dir='ltr'><strong>in</strong></span> <span class='ocrx_word' id='word_1_138' title='bbox 891 1704 926 1746; x_wconf 90' lang='lat' dir='ltr'><strong>ea</strong></span> <span class='ocrx_word' id='word_1_139' title='bbox 954 1687 1102 1746; x_wconf 87' lang='lat' dir='ltr'><strong>sententia</strong></span> <span class='ocrx_word' id='word_1_140' title='bbox 1128 1696 1350 1764; x_wconf 82' lang='lat' dir='ltr'><strong>permanerent,</strong></span> 
     </span>
     <span class='ocr_line' id='line_1_18' title="bbox 140 1773 1348 1854; baseline 0.002 -21"><span class='ocrx_word' id='word_1_141' title='bbox 140 1785 227 1835; x_wconf 74' lang='lat' dir='ltr'><strong>teos</strong></span> <span class='ocrx_word' id='word_1_142' title='bbox 250 1774 371 1834; x_wconf 92' lang='lat' dir='ltr'><strong>domum</strong></span> <span class='ocrx_word' id='word_1_143' title='bbox 393 1776 518 1834; x_wconf 89' lang='lat' dir='ltr'><strong>remittit</strong></span> <span class='ocrx_word' id='word_1_144' title='bbox 542 1782 571 1834; x_wconf 89' lang='lat' dir='ltr'><strong>ct</strong></span> <span class='ocrx_word' id='word_1_145' title='bbox 595 1792 663 1835; x_wconf 93' lang='lat' dir='ltr'><strong>cum</strong></span> <span class='ocrx_word' id='word_1_146' title='bbox 685 1775 723 1833; x_wconf 92' lang='lat' dir='ltr'><strong>iis</strong></span> <span class='ocrx_word' id='word_1_147' title='bbox 746 1791 805 1834; x_wconf 90' lang='lat' dir='ltr'><strong>una</strong></span> <span class='ocrx_word' id='word_1_148' title='bbox 828 1773 1001 1854; x_wconf 86' lang='lat' dir='ltr'><strong>Commium,</strong></span> <span class='ocrx_word' id='word_1_149' title='bbox 1025 1791 1114 1852; x_wconf 91' lang='lat' dir='ltr'><strong>quem</strong></span> <span class='ocrx_word' id='word_1_150' title='bbox 1136 1776 1200 1853; x_wconf 90' lang='lat' dir='ltr'><strong>ipse</strong></span> <span class='ocrx_word' id='word_1_151' title='bbox 1224 1774 1348 1836; x_wconf 77' lang='lat' dir='ltr'><strong>Atreba-</strong></span> 
     </span>
     <span class='ocr_line' id='line_1_19' title="bbox 176 1861 1347 1942; baseline 0.002 -20"><span class='ocrx_word' id='word_1_152' title='bbox 176 1862 255 1923; x_wconf 87' lang='lat' dir='ltr'><strong>tibus</strong></span> <span class='ocrx_word' id='word_1_153' title='bbox 279 1865 425 1942; x_wconf 89' lang='lat' dir='ltr'><strong>supcratis</strong></span> <span class='ocrx_word' id='word_1_154' title='bbox 456 1880 557 1940; x_wconf 80' lang='lat' dir='ltr'><strong>regem</strong></span> <span class='ocrx_word' id='word_1_155' title='bbox 584 1861 625 1922; x_wconf 93' lang='lat' dir='ltr'><strong>ibi</strong></span> <span class='ocrx_word' id='word_1_156' title='bbox 649 1863 857 1942; x_wconf 81' lang='lat' dir='ltr'><strong>constituerat,</strong></span> <span class='ocrx_word' id='word_1_157' title='bbox 885 1863 970 1922; x_wconf 89' lang='lat' dir='ltr'><strong>cuius</strong></span> <span class='ocrx_word' id='word_1_158' title='bbox 994 1870 1025 1921; x_wconf 88' lang='lat' dir='ltr'><strong>et</strong></span> <span class='ocrx_word' id='word_1_159' title='bbox 1051 1863 1192 1923; x_wconf 88' lang='lat' dir='ltr'><strong>virtutem</strong></span> <span class='ocrx_word' id='word_1_160' title='bbox 1215 1869 1248 1923; x_wconf 92' lang='lat' dir='ltr'><strong>et</strong></span> <span class='ocrx_word' id='word_1_161' title='bbox 1277 1881 1347 1924; x_wconf 90' lang='lat' dir='ltr'><strong>con·</strong></span> 
     </span>
     <span class='ocr_line' id='line_1_20' title="bbox 175 1948 1346 2031; baseline 0.002 -21"><span class='ocrx_word' id='word_1_162' title='bbox 175 1951 272 2011; x_wconf 91' lang='lat' dir='ltr'><strong>silium</strong></span> <span class='ocrx_word' id='word_1_163' title='bbox 300 1950 445 2029; x_wconf 87' lang='lat' dir='ltr'><strong>probabat</strong></span> <span class='ocrx_word' id='word_1_164' title='bbox 467 1959 497 2010; x_wconf 89' lang='lat' dir='ltr'><strong>ct</strong></span> <span class='ocrx_word' id='word_1_165' title='bbox 525 1968 614 2028; x_wconf 86' lang='lat' dir='ltr'><strong>quem</strong></span> <span class='ocrx_word' id='word_1_166' title='bbox 637 1950 694 2010; x_wconf 91' lang='lat' dir='ltr'><strong>sibi</strong></span> <span class='ocrx_word' id='word_1_167' title='bbox 720 1948 837 2010; x_wconf 86' lang='lat' dir='ltr'><strong>fidelem</strong></span> <span class='ocrx_word' id='word_1_168' title='bbox 865 1968 930 2009; x_wconf 89' lang='lat' dir='ltr'><strong>csse</strong></span> <span class='ocrx_word' id='word_1_169' title='bbox 959 1948 1170 2031; x_wconf 84' lang='lat' dir='ltr'><strong>arbitrabatur,</strong></span> <span class='ocrx_word' id='word_1_170' title='bbox 1198 1953 1346 2030; x_wconf 88' lang='lat' dir='ltr'><strong>cuiusque</strong></span> 
     </span>
     <span class='ocr_line' id='line_1_21' title="bbox 138 2037 1347 2121; baseline 0.001 -23"><span class='ocrx_word' id='word_1_171' title='bbox 138 2049 155 2098; x_wconf 82' lang='lat'>8</span> <span class='ocrx_word' id='word_1_172' title='bbox 175 2041 334 2100; x_wconf 89' lang='lat' dir='ltr'><strong>auctoritas</strong></span> <span class='ocrx_word' id='word_1_173' title='bbox 353 2040 383 2099; x_wconf 92' lang='lat' dir='ltr'><strong>in</strong></span> <span class='ocrx_word' id='word_1_174' title='bbox 407 2038 454 2098; x_wconf 88' lang='lat' dir='ltr'><strong>his</strong></span> <span class='ocrx_word' id='word_1_175' title='bbox 473 2038 644 2116; x_wconf 80' lang='lat' dir='ltr'><strong>regionibus</strong></span> <span class='ocrx_word' id='word_1_176' title='bbox 664 2040 762 2116; x_wconf 82' lang='lat' dir='ltr'><strong>magni</strong></span> <span class='ocrx_word' id='word_1_177' title='bbox 784 2037 956 2118; x_wconf 86' lang='lat' dir='ltr'><strong>habebatur,</strong></span> <span class='ocrx_word' id='word_1_178' title='bbox 975 2039 1073 2098; x_wconf 84' lang='lat' dir='ltr'><strong>mittit</strong></span> <span class='ocrx_word' id='word_1_179' title='bbox 1115 2037 1191 2099; x_wconf 92' lang='lat' dir='ltr'><strong>Huic</strong></span> <span class='ocrx_word' id='word_1_180' title='bbox 1208 2039 1347 2121; x_wconf 83' lang='lat' dir='ltr'><strong>imperat,</strong></span> 
     </span>
    </p>
   </div>
   <div class='ocr_carea' id='block_1_3' title="bbox 165 2224 1350 4411">
    <p class='ocr_par' dir='ltr' id='par_1_3' title="bbox 173 2224 1350 2845">
     <span class='ocr_line' id='line_1_22' title="bbox 173 2224 1349 2294; baseline 0.001 -16"><span class='ocrx_word' id='word_1_181' title='bbox 173 2227 256 2278; x_wconf 87' lang='lat' dir='ltr'><strong>Anm.</strong></span> <span class='ocrx_word' id='word_1_182' title='bbox 276 2256 309 2265; x_wconf 93' lang='lat'>-</span> <span class='ocrx_word' id='word_1_183' title='bbox 333 2232 359 2280; x_wconf 86' lang='lat'><strong>4.</strong></span> <span class='ocrx_word' id='word_1_184' title='bbox 378 2226 513 2279; x_wconf 86' lang='lat' dir='ltr'><strong>vocatis</strong></span> <span class='ocrx_word' id='word_1_185' title='bbox 531 2226 582 2279; x_wconf 87' lang='lat' dir='ltr'><strong>hat</strong></span> <span class='ocrx_word' id='word_1_186' title='bbox 600 2224 735 2280; x_wconf 89' lang='lat' dir='ltr'><strong>concessi·</strong></span> <span class='ocrx_word' id='word_1_187' title='bbox 788 2224 856 2294; x_wconf 79' lang='lat' dir='ltr'><strong>griff</strong></span> <span class='ocrx_word' id='word_1_188' title='bbox 879 2225 929 2280; x_wconf 88' lang='lat' dir='ltr'><strong>dar</strong></span> <span class='ocrx_word' id='word_1_189' title='bbox 950 2224 1104 2294; x_wconf 78' lang='lat' dir='ltr'><strong>Handluug</strong></span> <span class='ocrx_word' id='word_1_190' title='bbox 1125 2224 1165 2279; x_wconf 91' lang='lat' dir='ltr'><strong>im</strong></span> <span class='ocrx_word' id='word_1_191' title='bbox 1183 2225 1237 2281; x_wconf 85' lang='lat' dir='ltr'><strong>Inf.</strong></span> <span class='ocrx_word' id='word_1_192' title='bbox 1255 2226 1349 2281; x_wconf 87' lang='lat' dir='ltr'><strong>Prass.</strong></span> 
     </span>
     <span class='ocr_line' id='line_1_23' title="bbox 173 2294 1350 2364; baseline 0.002 -16"><span class='ocrx_word' id='word_1_193' title='bbox 173 2294 323 2350; x_wconf 85' lang='lat' dir='ltr'><strong>venSinn.</strong></span> <span class='ocrx_word' id='word_1_194' title='bbox 344 2295 640 2364; x_wconf 88' lang='lat' dir='ltr'><strong>-quiessent-</strong></span> <span class='ocrx_word' id='word_1_195' title='bbox 661 2295 734 2350; x_wconf 90' lang='lat' dir='ltr'><strong>ido·</strong></span> <span class='ocrx_word' id='word_1_196' title='bbox 787 2297 906 2364; x_wconf 81' lang='lat' dir='ltr'><strong>gesetzt,</strong></span> <span class='ocrx_word' id='word_1_197' title='bbox 931 2297 962 2349; x_wconf 87' lang='lat' dir='ltr'><strong>in</strong></span> <span class='ocrx_word' id='word_1_198' title='bbox 986 2295 1122 2350; x_wconf 85' lang='lat' dir='ltr'><strong>walchem</strong></span> <span class='ocrx_word' id='word_1_199' title='bbox 1146 2295 1226 2350; x_wconf 87' lang='lat' dir='ltr'><strong>Falla</strong></span> <span class='ocrx_word' id='word_1_200' title='bbox 1251 2295 1295 2350; x_wconf 81' lang='lat' dir='ltr'><strong>oft</strong></span> <span class='ocrx_word' id='word_1_201' title='bbox 1320 2313 1350 2350; x_wconf 84' lang='lat' dir='ltr'><strong>sc</strong></span> 
     </span>
     <span class='ocr_line' id='line_1_24' title="bbox 174 2364 1349 2436; baseline 0.001 -17"><span class='ocrx_word' id='word_1_202' title='bbox 174 2366 231 2419; x_wconf 90' lang='lat' dir='ltr'><strong>nei</strong></span> <span class='ocrx_word' id='word_1_203' title='bbox 258 2367 396 2434; x_wconf 85' lang='lat' dir='ltr'><strong>portus:</strong></span> <span class='ocrx_word' id='word_1_204' title='bbox 426 2382 483 2418; x_wconf 89' lang='lat' dir='ltr'><strong>was</strong></span> <span class='ocrx_word' id='word_1_205' title='bbox 510 2365 556 2418; x_wconf 84' lang='lat' dir='ltr'><strong>fiir</strong></span> <span class='ocrx_word' id='word_1_206' title='bbox 587 2365 734 2436; x_wconf 81' lang='lat' dir='ltr'><strong>geeignata</strong></span> <span class='ocrx_word' id='word_1_207' title='bbox 787 2365 867 2421; x_wconf 81' lang='lat' dir='ltr'><strong>fehlt.</strong></span> <span class='ocrx_word' id='word_1_208' title='bbox 904 2364 970 2420; x_wconf 88' lang='lat' dir='ltr'><strong>Dies</strong></span> <span class='ocrx_word' id='word_1_209' title='bbox 989 2366 1135 2435; x_wconf 79' lang='lat' dir='ltr'><strong>geschieht</strong></span> <span class='ocrx_word' id='word_1_210' title='bbox 1153 2366 1243 2434; x_wconf 90' lang='lat' dir='ltr'><strong>dann,</strong></span> <span class='ocrx_word' id='word_1_211' title='bbox 1266 2383 1349 2421; x_wconf 82' lang='lat' dir='ltr'><strong>wenn</strong></span> 
     </span>
     <span class='ocr_line' id='line_1_25' title="bbox 174 2435 1349 2505; baseline 0.001 -16"><span class='ocrx_word' id='word_1_212' title='bbox 174 2435 265 2489; x_wconf 73' lang='lat' dir='ltr'><strong>Halon</strong></span> <span class='ocrx_word' id='word_1_213' title='bbox 280 2451 309 2490; x_wconf 88' lang='lat' dir='ltr'><strong>es</strong></span> <span class='ocrx_word' id='word_1_214' title='bbox 322 2436 408 2504; x_wconf 73' lang='lat' dir='ltr'><strong>gabe3</strong></span> <span class='ocrx_word' id='word_1_215' title='bbox 422 2435 477 2489; x_wconf 87' lang='lat' dir='ltr'><strong>mit</strong></span> <span class='ocrx_word' id='word_1_216' title='bbox 491 2436 624 2490; x_wconf 79' lang='lat' dir='ltr'><strong>walchem</strong></span> <span class='ocrx_word' id='word_1_217' title='bbox 634 2437 733 2490; x_wconf 85' lang='lat' dir='ltr'><strong>Untar-</strong></span> <span class='ocrx_word' id='word_1_218' title='bbox 787 2436 970 2491; x_wconf 87' lang='lat' dir='ltr'><strong>anschaulich</strong></span> <span class='ocrx_word' id='word_1_219' title='bbox 992 2436 1125 2505; x_wconf 76' lang='lat' dir='ltr'><strong>gemacht</strong></span> <span class='ocrx_word' id='word_1_220' title='bbox 1147 2436 1260 2491; x_wconf 81' lang='lat' dir='ltr'><strong>werden</strong></span> <span class='ocrx_word' id='word_1_221' title='bbox 1286 2436 1349 2504; x_wconf 83' lang='lat' dir='ltr'><strong>soll,</strong></span> 
     </span>
     <span class='ocr_line' id='line_1_26' title="bbox 175 2505 1348 2575; baseline 0.003 -17"><span class='ocrx_word' id='word_1_222' title='bbox 175 2505 286 2560; x_wconf 85' lang='lat' dir='ltr'><strong>schiede</strong></span> <span class='ocrx_word' id='word_1_223' title='bbox 304 2506 399 2560; x_wconf 73' lang='lat' dir='ltr'><strong>wuido</strong></span> <span class='ocrx_word' id='word_1_224' title='bbox 418 2522 447 2560; x_wconf 89' lang='lat' dir='ltr'><strong>es</strong></span> <span class='ocrx_word' id='word_1_225' title='bbox 473 2506 581 2560; x_wconf 87' lang='lat' dir='ltr'><strong>heissen</strong></span> <span class='ocrx_word' id='word_1_226' title='bbox 600 2505 649 2575; x_wconf 92' lang='lat' dir='ltr'><strong>qui</strong></span> <span class='ocrx_word' id='word_1_227' title='bbox 671 2523 734 2575; x_wconf 88' lang='lat' dir='ltr'><strong>por·</strong></span> <span class='ocrx_word' id='word_1_228' title='bbox 788 2506 852 2561; x_wconf 82' lang='lat' dir='ltr'><strong>dass</strong></span> <span class='ocrx_word' id='word_1_229' title='bbox 875 2523 941 2562; x_wconf 90' lang='lat' dir='ltr'><strong>man</strong></span> <span class='ocrx_word' id='word_1_230' title='bbox 964 2507 1009 2561; x_wconf 88' lang='lat' dir='ltr'><strong>ein</strong></span> <span class='ocrx_word' id='word_1_231' title='bbox 1032 2507 1207 2562; x_wconf 80' lang='lat' dir='ltr'><strong>bestimmtes</strong></span> <span class='ocrx_word' id='word_1_232' title='bbox 1226 2506 1285 2562; x_wconf 84' lang='lat' dir='ltr'><strong>und</strong></span> <span class='ocrx_word' id='word_1_233' title='bbox 1307 2523 1348 2562; x_wconf 91' lang='lat' dir='ltr'><strong>so·</strong></span> 
     </span>
     <span class='ocr_line' id='line_1_27' title="bbox 174 2575 1349 2648; baseline 0.002 -19"><span class='ocrx_word' id='word_1_234' title='bbox 174 2579 220 2630; x_wconf 87' lang='lat' dir='ltr'><strong>tus</strong></span> <span class='ocrx_word' id='word_1_235' title='bbox 245 2606 279 2617; x_wconf 84' lang='lat'>-</span> <span class='ocrx_word' id='word_1_236' title='bbox 306 2576 402 2631; x_wconf 90' lang='lat' dir='ltr'><strong>idonei</strong></span> <span class='ocrx_word' id='word_1_237' title='bbox 428 2578 539 2631; x_wconf 82' lang='lat' dir='ltr'><strong>essent?</strong></span> <span class='ocrx_word' id='word_1_238' title='bbox 565 2607 598 2616; x_wconf 91' lang='lat'><em>-</em></span> <span class='ocrx_word' id='word_1_239' title='bbox 629 2577 734 2631; x_wconf 89' lang='lat' dir='ltr'><strong>maio·</strong></span> <span class='ocrx_word' id='word_1_240' title='bbox 787 2576 904 2648; x_wconf 81' lang='lat' dir='ltr'><strong>fortiges</strong></span> <span class='ocrx_word' id='word_1_241' title='bbox 935 2576 1082 2632; x_wconf 84' lang='lat' dir='ltr'><strong>Eintrsten</strong></span> <span class='ocrx_word' id='word_1_242' title='bbox 1117 2577 1168 2632; x_wconf 84' lang='lat' dir='ltr'><strong>des</strong></span> <span class='ocrx_word' id='word_1_243' title='bbox 1200 2575 1349 2633; x_wconf 83' lang='lat' dir='ltr'><strong>Gehofftan</strong></span> 
     </span>
     <span class='ocr_line' id='line_1_28' title="bbox 173 2646 1349 2788; baseline 0.002 -17"><span class='ocrx_word' id='word_1_244' title='bbox 173 2646 528 2774; x_wconf 58' lang='lat' dir='ltr'><strong>stratilatum</strong></span> <span class='ocrx_word' id='word_1_245' title='bbox 541 2647 733 2773; x_wconf 50' lang='lat' dir='ltr'><strong>bilibit}</strong></span> <span class='ocrx_word' id='word_1_246' title='bbox 786 2647 1349 2788; x_wconf 49' lang='lat' dir='ltr'><strong>‘titlttattttt‘tfftm</strong></span> 
     </span>
     <span class='ocr_line' id='line_1_29' title="bbox 174 2788 1348 2845; baseline 0.003 -4"><span class='ocrx_word' id='word_1_247' title='bbox 174 2788 286 2843; x_wconf 88' lang='lat' dir='ltr'><strong>landen.</strong></span> <span class='ocrx_word' id='word_1_248' title='bbox 786 2789 901 2843; x_wconf 89' lang='lat' dir='ltr'><strong>mascul.</strong></span> <span class='ocrx_word' id='word_1_249' title='bbox 924 2789 982 2842; x_wconf 85' lang='lat' dir='ltr'><strong>und</strong></span> <span class='ocrx_word' id='word_1_250' title='bbox 1005 2789 1060 2844; x_wconf 83' lang='lat' dir='ltr'><strong>abl.</strong></span> <span class='ocrx_word' id='word_1_251' title='bbox 1080 2789 1139 2844; x_wconf 90' lang='lat' dir='ltr'><strong>abs.</strong></span> <span class='ocrx_word' id='word_1_252' title='bbox 1158 2791 1199 2828; x_wconf 87' lang='lat'><strong>-&#39;</strong></span> <span class='ocrx_word' id='word_1_253' title='bbox 1216 2788 1348 2845; x_wconf 82' lang='lat' dir='ltr'><strong>libera·</strong></span> 
     </span>
    </p>

    <p class='ocr_par' dir='ltr' id='par_1_4' title="bbox 165 2858 1350 4411">
     <span class='ocr_line' id='line_1_30' title="bbox 210 2858 1348 2928; baseline 0.002 -16"><span class='ocrx_word' id='word_1_254' title='bbox 210 2858 276 2928; x_wconf 86' lang='lat' dir='ltr'><strong>Cap.</strong></span> <span class='ocrx_word' id='word_1_255' title='bbox 300 2866 343 2912; x_wconf 82' lang='lat'><strong>21.</strong></span> <span class='ocrx_word' id='word_1_256' title='bbox 368 2865 391 2914; x_wconf 93' lang='lat'><strong>1.</strong></span> <span class='ocrx_word' id='word_1_257' title='bbox 416 2860 508 2914; x_wconf 87' lang='lat' dir='ltr'><strong>Ueber</strong></span> <span class='ocrx_word' id='word_1_258' title='bbox 531 2858 586 2914; x_wconf 88' lang='lat' dir='ltr'><strong>den</strong></span> <span class='ocrx_word' id='word_1_259' title='bbox 609 2858 660 2913; x_wconf 91' lang='lat' dir='ltr'><strong>Ort</strong></span> <span class='ocrx_word' id='word_1_260' title='bbox 683 2858 732 2912; x_wconf 89' lang='lat' dir='ltr'><strong>des</strong></span> <span class='ocrx_word' id='word_1_261' title='bbox 786 2859 870 2913; x_wconf 84' lang='lat' dir='ltr'><strong>liter</strong></span> <span class='ocrx_word' id='word_1_262' title='bbox 887 2859 1084 2927; x_wconf 80' lang='lat' dir='ltr'><strong>pollicitus:</strong></span> <span class='ocrx_word' id='word_1_263' title='bbox 1103 2858 1216 2913; x_wconf 87' lang='lat' dir='ltr'><strong>machte</strong></span> <span class='ocrx_word' id='word_1_264' title='bbox 1232 2860 1348 2914; x_wconf 80' lang='lat' dir='ltr'><strong>haund-</strong></span> 
     </span>
     <span class='ocr_line' id='line_1_31' title="bbox 174 2927 1346 3055; baseline 0.001 -72"><span class='ocrx_word' id='word_1_265' title='bbox 174 2927 356 2999; x_wconf 83' lang='lat' dir='ltr'><strong>Ueberg&#39;angs</strong></span> <span class='ocrx_word' id='word_1_266' title='bbox 384 2947 405 2983; x_wconf 82' lang='lat' dir='ltr'><strong>s.</strong></span> <span class='ocrx_word' id='word_1_267' title='bbox 433 2929 483 2984; x_wconf 89' lang='lat' dir='ltr'><strong>das</strong></span> <span class='ocrx_word' id='word_1_268' title='bbox 510 2930 732 3000; x_wconf 82' lang='lat' dir='ltr'><strong>geographische</strong></span> <span class='ocrx_word' id='word_1_269' title='bbox 786 2928 860 2984; x_wconf 85' lang='lat' dir='ltr'><strong>licha</strong></span> <span class='ocrx_word' id='word_1_270' title='bbox 871 2931 999 2999; x_wconf 82' lang='lat' dir='ltr'><strong>Zusagen</strong></span> <span class='ocrx_word' id='word_1_271' title='bbox 1008 2929 1346 3055; x_wconf 55' lang='lat' dir='ltr'><strong>oglerVersprechunpen.</strong></span> 
     </span>
     <span class='ocr_line' id='line_1_32' title="bbox 173 2999 1347 3068; baseline 0.003 -16"><span class='ocrx_word' id='word_1_272' title='bbox 173 2999 303 3068; x_wconf 82' lang='lat' dir='ltr'><strong>Register</strong></span> <span class='ocrx_word' id='word_1_273' title='bbox 320 3002 402 3054; x_wconf 87' lang='lat' dir='ltr'><strong>uuter</strong></span> <span class='ocrx_word' id='word_1_274' title='bbox 419 3000 489 3054; x_wconf 91' lang='lat' dir='ltr'><strong>Itius</strong></span> <span class='ocrx_word' id='word_1_275' title='bbox 506 3003 612 3068; x_wconf 88' lang='lat' dir='ltr'><strong>portus.</strong></span> <span class='ocrx_word' id='word_1_276' title='bbox 632 3032 664 3042; x_wconf 92' lang='lat'><em>-</em></span> <span class='ocrx_word' id='word_1_277' title='bbox 685 2999 733 3053; x_wconf 78' lang='lat' dir='ltr'><strong>Ad</strong></span> <span class='ocrx_word' id='word_1_278' title='bbox 787 3000 1263 3055; x_wconf 84' lang='lat' dir='ltr'><strong>—cos—remrttrt:iiberdie</strong></span> <span class='ocrx_word' id='word_1_279' title='bbox 1304 3016 1347 3055; x_wconf 86' lang='lat' dir='ltr'><strong>er-</strong></span> 
     </span>
     <span class='ocr_line' id='line_1_33' title="bbox 173 3068 1349 3140; baseline 0.003 -18"><span class='ocrx_word' id='word_1_280' title='bbox 173 3070 258 3124; x_wconf 86' lang='lat' dir='ltr'><strong>haeo</strong></span> <span class='ocrx_word' id='word_1_281' title='bbox 277 3072 329 3124; x_wconf 85' lang='lat' dir='ltr'><strong>etc.</strong></span> <span class='ocrx_word' id='word_1_282' title='bbox 350 3071 447 3124; x_wconf 88' lang='lat' dir='ltr'><strong>ordne:</strong></span> <span class='ocrx_word' id='word_1_283' title='bbox 467 3070 628 3138; x_wconf 87' lang='lat' dir='ltr'><strong>priusquam</strong></span> <span class='ocrx_word' id='word_1_284' title='bbox 643 3070 732 3124; x_wconf 84' lang='lat' dir='ltr'><strong>-fa-</strong></span> <span class='ocrx_word' id='word_1_285' title='bbox 785 3070 913 3139; x_wconf 78' lang='lat' dir='ltr'><strong>bindung</strong></span> <span class='ocrx_word' id='word_1_286' title='bbox 930 3071 1032 3139; x_wconf 88' lang='lat' dir='ltr'><strong>quibus</strong></span> <span class='ocrx_word' id='word_1_287' title='bbox 1046 3068 1162 3139; x_wconf 89' lang='lat' dir='ltr'><strong>auditis,</strong></span> <span class='ocrx_word' id='word_1_288' title='bbox 1181 3086 1229 3125; x_wconf 88' lang='lat' dir='ltr'><strong>eos</strong></span> <span class='ocrx_word' id='word_1_289' title='bbox 1245 3077 1349 3140; x_wconf 75' lang='lat' dir='ltr'><strong>s,3,14</strong></span> 
     </span>
     <span class='ocr_line' id='line_1_34' title="bbox 174 3139 1348 3212; baseline 0.003 -19"><span class='ocrx_word' id='word_1_290' title='bbox 174 3141 261 3206; x_wconf 83' lang='lat' dir='ltr'><strong>seret,</strong></span> <span class='ocrx_word' id='word_1_291' title='bbox 285 3139 385 3194; x_wconf 84' lang='lat' dir='ltr'><strong>Gaium</strong></span> <span class='ocrx_word' id='word_1_292' title='bbox 403 3140 576 3194; x_wconf 80' lang='lat' dir='ltr'><strong>Volusenum</strong></span> <span class='ocrx_word' id='word_1_293' title='bbox 596 3171 628 3180; x_wconf 90' lang='lat'><em>-</em></span> <span class='ocrx_word' id='word_1_294' title='bbox 652 3157 732 3209; x_wconf 84' lang='lat' dir='ltr'><strong>praa·</strong></span> <span class='ocrx_word' id='word_1_295' title='bbox 785 3159 819 3194; x_wconf 82' lang='lat' dir='ltr'><strong>zu</strong></span> <span class='ocrx_word' id='word_1_296' title='bbox 845 3140 967 3195; x_wconf 87' lang='lat' dir='ltr'><strong>turribus</strong></span> <span class='ocrx_word' id='word_1_297' title='bbox 994 3141 1136 3208; x_wconf 84' lang='lat' dir='ltr'><strong>excitatis,</strong></span> <span class='ocrx_word' id='word_1_298' title='bbox 1162 3141 1230 3212; x_wconf 62' lang='lat' dir='ltr'><strong>thas.</strong></span> <span class='ocrx_word' id='word_1_299' title='bbox 1259 3171 1294 3181; x_wconf 92' lang='lat'>-</span> <span class='ocrx_word' id='word_1_300' title='bbox 1324 3148 1348 3197; x_wconf 74' lang='lat'><strong>⁷.</strong></span> 
     </span>
     <span class='ocr_line' id='line_1_35' title="bbox 174 3209 1350 3283; baseline 0.004 -21"><span class='ocrx_word' id='word_1_301' title='bbox 174 3209 276 3277; x_wconf 87' lang='lat' dir='ltr'><strong>mittit,</strong></span> <span class='ocrx_word' id='word_1_302' title='bbox 302 3209 453 3264; x_wconf 83' lang='lat' dir='ltr'><strong>arbitratus</strong></span> <span class='ocrx_word' id='word_1_303' title='bbox 478 3212 531 3265; x_wconf 86' lang='lat' dir='ltr'><strong>etc.</strong></span> <span class='ocrx_word' id='word_1_304' title='bbox 559 3240 592 3250; x_wconf 84' lang='lat'>-</span> <span class='ocrx_word' id='word_1_305' title='bbox 617 3211 731 3280; x_wconf 88' lang='lat' dir='ltr'><strong>prius·</strong></span> <span class='ocrx_word' id='word_1_306' title='bbox 786 3228 885 3280; x_wconf 86' lang='lat' dir='ltr'><strong>quem</strong></span> <span class='ocrx_word' id='word_1_307' title='bbox 909 3241 942 3251; x_wconf 98' lang='lat'><em>-</em></span> <span class='ocrx_word' id='word_1_308' title='bbox 971 3211 1082 3266; x_wconf 90' lang='lat' dir='ltr'><strong>cuius:</strong></span> <span class='ocrx_word' id='word_1_309' title='bbox 1110 3210 1179 3264; x_wconf 77' lang='lat' dir='ltr'><strong>iiber</strong></span> <span class='ocrx_word' id='word_1_310' title='bbox 1206 3209 1252 3283; x_wconf 79' lang='lat' dir='ltr'><strong>dis</strong></span> <span class='ocrx_word' id='word_1_311' title='bbox 1280 3211 1350 3267; x_wconf 75' lang='lat' dir='ltr'><strong>:wei</strong></span> 
     </span>
     <span class='ocr_line' id='line_1_36' title="bbox 175 3279 1346 3350; baseline 0.005 -19"><span class='ocrx_word' id='word_1_312' title='bbox 175 3295 274 3346; x_wconf 89' lang='lat' dir='ltr'><strong>quam</strong></span> <span class='ocrx_word' id='word_1_313' title='bbox 289 3310 321 3318; x_wconf 86' lang='lat'>-</span> <span class='ocrx_word' id='word_1_314' title='bbox 338 3279 484 3334; x_wconf 85' lang='lat' dir='ltr'><strong>faceret:</strong></span> <span class='ocrx_word' id='word_1_315' title='bbox 503 3281 553 3334; x_wconf 86' lang='lat' dir='ltr'><strong>der</strong></span> <span class='ocrx_word' id='word_1_316' title='bbox 567 3279 654 3350; x_wconf 65' lang='lat' dir='ltr'><strong>Oonj„</strong></span> <span class='ocrx_word' id='word_1_317' title='bbox 668 3281 733 3336; x_wconf 81' lang='lat' dir='ltr'><strong>weil</strong></span> <span class='ocrx_word' id='word_1_318' title='bbox 785 3282 1023 3337; x_wconf 87' lang='lat' dir='ltr'><strong>unverbundenan</strong></span> <span class='ocrx_word' id='word_1_319' title='bbox 1041 3280 1231 3336; x_wconf 76' lang='lat' dir='ltr'><strong>Relativsttne</strong></span> <span class='ocrx_word' id='word_1_320' title='bbox 1249 3299 1270 3336; x_wconf 93' lang='lat' dir='ltr'><strong>s.</strong></span> <span class='ocrx_word' id='word_1_321' title='bbox 1290 3288 1346 3350; x_wconf 91' lang='lat'><strong>1,1</strong></span> 
     </span>
     <span class='ocr_line' id='line_1_37' title="bbox 177 3348 1350 3423; baseline 0.003 -20"><span class='ocrx_word' id='word_1_322' title='bbox 177 3348 262 3403; x_wconf 76' lang='lat' dir='ltr'><strong>Casas</strong></span> <span class='ocrx_word' id='word_1_323' title='bbox 293 3349 446 3418; x_wconf 82' lang='lat' dir='ltr'><strong>gleichsam</strong></span> <span class='ocrx_word' id='word_1_324' title='bbox 478 3350 531 3404; x_wconf 85' lang='lat' dir='ltr'><strong>wie</strong></span> <span class='ocrx_word' id='word_1_325' title='bbox 557 3367 614 3406; x_wconf 86' lang='lat' dir='ltr'><strong>von</strong></span> <span class='ocrx_word' id='word_1_326' title='bbox 642 3350 732 3406; x_wconf 89' lang='lat' dir='ltr'><strong>einem</strong></span> <span class='ocrx_word' id='word_1_327' title='bbox 786 3371 821 3406; x_wconf 83' lang='lat' dir='ltr'><strong>au</strong></span> <span class='ocrx_word' id='word_1_328' title='bbox 839 3352 888 3421; x_wconf 88' lang='lat' dir='ltr'><strong>qui</strong></span> <span class='ocrx_word' id='word_1_329' title='bbox 906 3383 939 3394; x_wconf 91' lang='lat'>-</span> <span class='ocrx_word' id='word_1_330' title='bbox 958 3354 1066 3423; x_wconf 85' lang='lat' dir='ltr'><strong>gerunt.</strong></span> <span class='ocrx_word' id='word_1_331' title='bbox 1087 3382 1121 3392; x_wconf 88' lang='lat'>-</span> <span class='ocrx_word' id='word_1_332' title='bbox 1143 3349 1193 3406; x_wconf 90' lang='lat' dir='ltr'><strong>ibi</strong></span> <span class='ocrx_word' id='word_1_333' title='bbox 1212 3377 1247 3398; x_wconf 89' lang='lat'>-</span> <span class='ocrx_word' id='word_1_334' title='bbox 1273 3352 1350 3422; x_wconf 85' lang='lat' dir='ltr'><strong>apud</strong></span> 
     </span>
     <span class='ocr_line' id='line_1_38' title="bbox 174 3419 1349 3479; baseline 0.004 -7"><span class='ocrx_word' id='word_1_335' title='bbox 174 3419 287 3473; x_wconf 85' lang='lat' dir='ltr'><strong>Drltten</strong></span> <span class='ocrx_word' id='word_1_336' title='bbox 312 3437 364 3473; x_wconf 86' lang='lat' dir='ltr'><strong>nur</strong></span> <span class='ocrx_word' id='word_1_337' title='bbox 386 3419 495 3474; x_wconf 86' lang='lat' dir='ltr'><strong>referirt</strong></span> <span class='ocrx_word' id='word_1_338' title='bbox 520 3421 577 3474; x_wconf 87' lang='lat' dir='ltr'><strong>und</strong></span> <span class='ocrx_word' id='word_1_339' title='bbox 600 3421 679 3476; x_wconf 87' lang='lat' dir='ltr'><strong>nieht</strong></span> <span class='ocrx_word' id='word_1_340' title='bbox 702 3421 732 3476; x_wconf 88' lang='lat' dir='ltr'><strong>in</strong></span> <span class='ocrx_word' id='word_1_341' title='bbox 786 3439 842 3478; x_wconf 86' lang='lat' dir='ltr'><strong>eos.</strong></span> <span class='ocrx_word' id='word_1_342' title='bbox 867 3453 900 3464; x_wconf 91' lang='lat'><strong>-—</strong></span> <span class='ocrx_word' id='word_1_343' title='bbox 929 3423 1128 3478; x_wconf 79' lang='lat' dir='ltr'><strong>consilium:</strong></span> <span class='ocrx_word' id='word_1_344' title='bbox 1155 3421 1295 3479; x_wconf 81' lang='lat' dir='ltr'><strong>Einsioht.</strong></span> <span class='ocrx_word' id='word_1_345' title='bbox 1314 3453 1349 3463; x_wconf 91' lang='lat'>-</span> 
     </span>
     <span class='ocr_line' id='line_1_39' title="bbox 175 3489 1348 3561; baseline 0.004 -18"><span class='ocrx_word' id='word_1_346' title='bbox 175 3489 265 3544; x_wconf 87' lang='lat' dir='ltr'><strong>seiner</strong></span> <span class='ocrx_word' id='word_1_347' title='bbox 290 3489 408 3559; x_wconf 80' lang='lat' dir='ltr'><strong>eigeuen</strong></span> <span class='ocrx_word' id='word_1_348' title='bbox 429 3490 534 3545; x_wconf 89' lang='lat' dir='ltr'><strong>Person</strong></span> <span class='ocrx_word' id='word_1_349' title='bbox 559 3492 674 3561; x_wconf 87' lang='lat' dir='ltr'><strong>spricht.</strong></span> <span class='ocrx_word' id='word_1_350' title='bbox 698 3524 732 3532; x_wconf 90' lang='lat'><em>-</em></span> <span class='ocrx_word' id='word_1_351' title='bbox 786 3493 969 3561; x_wconf 87' lang='lat' dir='ltr'><strong>probabat:</strong></span> <span class='ocrx_word' id='word_1_352' title='bbox 989 3495 1122 3547; x_wconf 75' lang='lat' dir='ltr'><strong>:chasma</strong></span> <span class='ocrx_word' id='word_1_353' title='bbox 1138 3522 1172 3532; x_wconf 87' lang='lat'><em>—</em></span> <span class='ocrx_word' id='word_1_354' title='bbox 1190 3492 1348 3548; x_wconf 83' lang='lat' dir='ltr'><strong>fidelem:</strong></span> 
     </span>
     <span class='ocr_line' id='line_1_40' title="bbox 175 3560 1348 3633; baseline 0.006 -20"><span class='ocrx_word' id='word_1_355' title='bbox 175 3565 200 3613; x_wconf 79' lang='lat'><strong>2.</strong></span> <span class='ocrx_word' id='word_1_356' title='bbox 220 3560 374 3614; x_wconf 88' lang='lat' dir='ltr'><strong>omnibus</strong></span> <span class='ocrx_word' id='word_1_357' title='bbox 393 3562 512 3615; x_wconf 86' lang='lat' dir='ltr'><strong>rebus:</strong></span> <span class='ocrx_word' id='word_1_358' title='bbox 528 3580 550 3618; x_wconf 89' lang='lat' dir='ltr'><strong>s.</strong></span> <span class='ocrx_word' id='word_1_359' title='bbox 566 3569 671 3631; x_wconf 86' lang='lat' dir='ltr'><strong>1,3zu</strong></span> <span class='ocrx_word' id='word_1_360' title='bbox 688 3562 733 3618; x_wconf 91' lang='lat' dir='ltr'><strong>his</strong></span> <span class='ocrx_word' id='word_1_361' title='bbox 787 3564 915 3633; x_wconf 82' lang='lat' dir='ltr'><strong>argeben.</strong></span> <span class='ocrx_word' id='word_1_362' title='bbox 935 3594 968 3604; x_wconf 95' lang='lat'><em>—</em></span> <span class='ocrx_word' id='word_1_363' title='bbox 994 3563 1233 3618; x_wconf 79' lang='lat' dir='ltr'><strong>arbitrabatur</strong></span> <span class='ocrx_word' id='word_1_364' title='bbox 1255 3563 1348 3619; x_wconf 79' lang='lat' dir='ltr'><strong>iibere.</strong></span> 
     </span>
     <span class='ocr_line' id='line_1_41' title="bbox 173 3630 1349 3701; baseline 0.004 -17"><span class='ocrx_word' id='word_1_365' title='bbox 173 3630 264 3686; x_wconf 87' lang='lat' dir='ltr'><strong>rebus.</strong></span> <span class='ocrx_word' id='word_1_366' title='bbox 293 3662 327 3671; x_wconf 92' lang='lat'>—</span> <span class='ocrx_word' id='word_1_367' title='bbox 355 3638 380 3688; x_wconf 88' lang='lat'><strong>4.</strong></span> <span class='ocrx_word' id='word_1_368' title='bbox 408 3649 507 3701; x_wconf 89' lang='lat' dir='ltr'><strong>quam</strong></span> <span class='ocrx_word' id='word_1_369' title='bbox 530 3664 563 3672; x_wconf 92' lang='lat'>—</span> <span class='ocrx_word' id='word_1_370' title='bbox 590 3633 733 3688; x_wconf 83' lang='lat' dir='ltr'><strong>classem</strong></span> <span class='ocrx_word' id='word_1_371' title='bbox 786 3635 928 3688; x_wconf 84' lang='lat' dir='ltr'><strong>entweder</strong></span> <span class='ocrx_word' id='word_1_372' title='bbox 945 3636 1017 3689; x_wconf 89' lang='lat' dir='ltr'><strong>nach</strong></span> <span class='ocrx_word' id='word_1_373' title='bbox 1038 3641 1067 3698; x_wconf 86' lang='lat'><strong>1,</strong></span> <span class='ocrx_word' id='word_1_374' title='bbox 1086 3639 1102 3686; x_wconf 77' lang='lat'>2</span> <span class='ocrx_word' id='word_1_375' title='bbox 1121 3650 1155 3687; x_wconf 84' lang='lat' dir='ltr'><strong>au</strong></span> <span class='ocrx_word' id='word_1_376' title='bbox 1172 3631 1349 3691; x_wconf 84' lang='lat' dir='ltr'><strong>arbitraban-</strong></span> 
     </span>
     <span class='ocr_line' id='line_1_42' title="bbox 174 3702 1347 3773; baseline 0.004 -19"><span class='ocrx_word' id='word_1_377' title='bbox 174 3702 265 3758; x_wconf 80' lang='lat' dir='ltr'><strong>iibers.</strong></span> <span class='ocrx_word' id='word_1_378' title='bbox 284 3703 356 3757; x_wconf 87' lang='lat' dir='ltr'><strong>nach</strong></span> <span class='ocrx_word' id='word_1_379' title='bbox 376 3708 406 3771; x_wconf 93' lang='lat'><strong>1,</strong></span> <span class='ocrx_word' id='word_1_380' title='bbox 424 3709 441 3758; x_wconf 84' lang='lat'>8</span> <span class='ocrx_word' id='word_1_381' title='bbox 460 3722 494 3757; x_wconf 85' lang='lat' dir='ltr'><strong>zu</strong></span> <span class='ocrx_word' id='word_1_382' title='bbox 512 3720 598 3773; x_wconf 89' lang='lat' dir='ltr'><strong>quam</strong></span> <span class='ocrx_word' id='word_1_383' title='bbox 617 3735 649 3744; x_wconf 85' lang='lat'><em>-</em></span> <span class='ocrx_word' id='word_1_384' title='bbox 670 3721 733 3759; x_wconf 89' lang='lat' dir='ltr'><strong>con·</strong></span> <span class='ocrx_word' id='word_1_385' title='bbox 785 3707 833 3758; x_wconf 89' lang='lat' dir='ltr'><strong>tur</strong></span> <span class='ocrx_word' id='word_1_386' title='bbox 847 3710 872 3759; x_wconf 73' lang='lat'><strong>2.</strong></span> <span class='ocrx_word' id='word_1_387' title='bbox 886 3705 954 3759; x_wconf 86' lang='lat' dir='ltr'><strong>oder</strong></span> <span class='ocrx_word' id='word_1_388' title='bbox 967 3705 1040 3760; x_wconf 88' lang='lat' dir='ltr'><strong>nach</strong></span> <span class='ocrx_word' id='word_1_389' title='bbox 1059 3710 1084 3771; x_wconf 80' lang='lat'><strong>2,</strong></span> <span class='ocrx_word' id='word_1_390' title='bbox 1100 3709 1114 3756; x_wconf 94' lang='lat'>1</span> <span class='ocrx_word' id='word_1_391' title='bbox 1130 3722 1164 3758; x_wconf 81' lang='lat' dir='ltr'><strong>su</strong></span> <span class='ocrx_word' id='word_1_392' title='bbox 1177 3703 1347 3759; x_wconf 74' lang='lat' dir='ltr'><strong>dixemmus.</strong></span> 
     </span>
     <span class='ocr_line' id='line_1_43' title="bbox 173 3772 1348 3846; baseline 0.003 -20"><span class='ocrx_word' id='word_1_393' title='bbox 173 3773 311 3827; x_wconf 87' lang='lat' dir='ltr'><strong>stituerat.</strong></span> <span class='ocrx_word' id='word_1_394' title='bbox 331 3805 363 3814; x_wconf 87' lang='lat'>—</span> <span class='ocrx_word' id='word_1_395' title='bbox 388 3774 568 3843; x_wconf 87' lang='lat' dir='ltr'><strong>superiore</strong></span> <span class='ocrx_word' id='word_1_396' title='bbox 587 3777 732 3829; x_wconf 84' lang='lat' dir='ltr'><strong>aestate:</strong></span> <span class='ocrx_word' id='word_1_397' title='bbox 786 3804 821 3814; x_wconf 84' lang='lat'>—</span> <span class='ocrx_word' id='word_1_398' title='bbox 835 3775 870 3828; x_wconf 89' lang='lat' dir='ltr'><strong>in</strong></span> <span class='ocrx_word' id='word_1_399' title='bbox 888 3775 940 3830; x_wconf 91' lang='lat' dir='ltr'><strong>his</strong></span> <span class='ocrx_word' id='word_1_400' title='bbox 958 3773 1171 3846; x_wconf 81' lang='lat' dir='ltr'><strong>regionibus:</strong></span> <span class='ocrx_word' id='word_1_401' title='bbox 1184 3772 1348 3842; x_wconf 79' lang='lat' dir='ltr'><strong>inGallien,</strong></span> 
     </span>
     <span class='ocr_line' id='line_1_44' title="bbox 176 3844 1349 3916; baseline 0.003 -20"><span class='ocrx_word' id='word_1_402' title='bbox 176 3844 318 3912; x_wconf 88' lang='lat' dir='ltr'><strong>superiore</strong></span> <span class='ocrx_word' id='word_1_403' title='bbox 342 3846 430 3901; x_wconf 87' lang='lat' dir='ltr'><strong>iibers.</strong></span> <span class='ocrx_word' id='word_1_404' title='bbox 455 3845 595 3900; x_wconf 87' lang='lat' dir='ltr'><strong>entweder</strong></span> <span class='ocrx_word' id='word_1_405' title='bbox 618 3846 733 3916; x_wconf 85' lang='lat' dir='ltr'><strong>adjecti·</strong></span> <span class='ocrx_word' id='word_1_406' title='bbox 786 3844 866 3900; x_wconf 90' lang='lat' dir='ltr'><strong>nicht</strong></span> <span class='ocrx_word' id='word_1_407' title='bbox 896 3845 925 3899; x_wconf 91' lang='lat' dir='ltr'><strong>in</strong></span> <span class='ocrx_word' id='word_1_408' title='bbox 957 3845 1129 3900; x_wconf 78' lang='lat' dir='ltr'><strong>Britannica.</strong></span> <span class='ocrx_word' id='word_1_409' title='bbox 1162 3875 1195 3884; x_wconf 84' lang='lat'>-</span> <span class='ocrx_word' id='word_1_410' title='bbox 1232 3845 1349 3916; x_wconf 74' lang='lat' dir='ltr'><strong>magni</strong></span> 
     </span>
     <span class='ocr_line' id='line_1_45' title="bbox 173 3914 1350 3986; baseline 0.003 -18"><span class='ocrx_word' id='word_1_411' title='bbox 173 3914 252 3969; x_wconf 86' lang='lat' dir='ltr'><strong>visch</strong></span> <span class='ocrx_word' id='word_1_412' title='bbox 284 3916 351 3969; x_wconf 89' lang='lat' dir='ltr'><strong>oder</strong></span> <span class='ocrx_word' id='word_1_413' title='bbox 382 3916 544 3971; x_wconf 88' lang='lat' dir='ltr'><strong>adverbiell.</strong></span> <span class='ocrx_word' id='word_1_414' title='bbox 572 3947 606 3957; x_wconf 92' lang='lat'>-</span> <span class='ocrx_word' id='word_1_415' title='bbox 635 3917 733 3971; x_wconf 87' lang='lat' dir='ltr'><strong>iubet</strong></span> <span class='ocrx_word' id='word_1_416' title='bbox 785 3916 991 3972; x_wconf 86' lang='lat' dir='ltr'><strong>habebatur:</strong></span> <span class='ocrx_word' id='word_1_417' title='bbox 1023 3917 1181 3986; x_wconf 72' lang='lat' dir='ltr'><strong>geschatst,</strong></span> <span class='ocrx_word' id='word_1_418' title='bbox 1213 3916 1350 3986; x_wconf 73' lang='lat' dir='ltr'><strong>geachtet</strong></span> 
     </span>
     <span class='ocr_line' id='line_1_46' title="bbox 174 3985 1348 4055; baseline 0.004 -17"><span class='ocrx_word' id='word_1_419' title='bbox 174 3986 371 4041; x_wconf 87' lang='lat' dir='ltr'><strong>convenire:</strong></span> <span class='ocrx_word' id='word_1_420' title='bbox 396 3987 524 4055; x_wconf 88' lang='lat' dir='ltr'><strong>bestellt,</strong></span> <span class='ocrx_word' id='word_1_421' title='bbox 543 3987 680 4042; x_wconf 89' lang='lat' dir='ltr'><strong>beordert.</strong></span> <span class='ocrx_word' id='word_1_422' title='bbox 699 4018 733 4026; x_wconf 91' lang='lat'><em>—</em></span> <span class='ocrx_word' id='word_1_423' title='bbox 787 3987 895 4053; x_wconf 73' lang='lat' dir='ltr'><strong>surde:</strong></span> <span class='ocrx_word' id='word_1_424' title='bbox 908 3987 948 4041; x_wconf 91' lang='lat' dir='ltr'><strong>im</strong></span> <span class='ocrx_word' id='word_1_425' title='bbox 962 3987 1122 4043; x_wconf 88' lang='lat' dir='ltr'><strong>Deutschen</strong></span> <span class='ocrx_word' id='word_1_426' title='bbox 1135 3985 1212 4040; x_wconf 88' lang='lat' dir='ltr'><strong>kann</strong></span> <span class='ocrx_word' id='word_1_427' title='bbox 1225 3986 1274 4041; x_wconf 89' lang='lat' dir='ltr'><strong>bei</strong></span> <span class='ocrx_word' id='word_1_428' title='bbox 1287 3987 1348 4043; x_wconf 84' lang='lat' dir='ltr'><strong>der·</strong></span> 
     </span>
     <span class='ocr_line' id='line_1_47' title="bbox 175 4055 1349 4128; baseline 0.002 -20"><span class='ocrx_word' id='word_1_429' title='bbox 175 4061 200 4111; x_wconf 85' lang='lat'><strong>5.</strong></span> <span class='ocrx_word' id='word_1_430' title='bbox 219 4056 314 4111; x_wconf 88' lang='lat' dir='ltr'><strong>dare:</strong></span> <span class='ocrx_word' id='word_1_431' title='bbox 337 4075 403 4111; x_wconf 90' lang='lat' dir='ltr'><strong>man</strong></span> <span class='ocrx_word' id='word_1_432' title='bbox 423 4060 553 4113; x_wconf 85' lang='lat' dir='ltr'><strong>erwartet</strong></span> <span class='ocrx_word' id='word_1_433' title='bbox 571 4075 599 4114; x_wconf 89' lang='lat' dir='ltr'><strong>se</strong></span> <span class='ocrx_word' id='word_1_434' title='bbox 619 4057 733 4112; x_wconf 88' lang='lat' dir='ltr'><strong>daturos</strong></span> <span class='ocrx_word' id='word_1_435' title='bbox 788 4058 917 4128; x_wconf 80' lang='lat' dir='ltr'><strong>gleichen</strong></span> <span class='ocrx_word' id='word_1_436' title='bbox 938 4058 1050 4114; x_wconf 85' lang='lat' dir='ltr'><strong>Verbcn</strong></span> <span class='ocrx_word' id='word_1_437' title='bbox 1074 4057 1120 4113; x_wconf 88' lang='lat' dir='ltr'><strong>die</strong></span> <span class='ocrx_word' id='word_1_438' title='bbox 1143 4055 1349 4128; x_wconf 74' lang='lat' dir='ltr'><strong>Hinaufugung</strong></span> 
     </span>
     <span class='ocr_line' id='line_1_48' title="bbox 176 4127 1349 4198; baseline 0.005 -19"><span class='ocrx_word' id='word_1_439' title='bbox 176 4142 247 4194; x_wconf 81' lang='lat' dir='ltr'><strong>esse3</strong></span> <span class='ocrx_word' id='word_1_440' title='bbox 261 4127 355 4182; x_wconf 85' lang='lat' dir='ltr'><strong>iudess</strong></span> <span class='ocrx_word' id='word_1_441' title='bbox 369 4129 439 4183; x_wconf 88' lang='lat' dir='ltr'><strong>wird</strong></span> <span class='ocrx_word' id='word_1_442' title='bbox 452 4129 594 4184; x_wconf 89' lang='lat' dir='ltr'><strong>bisweilen</strong></span> <span class='ocrx_word' id='word_1_443' title='bbox 609 4128 656 4184; x_wconf 84' lang='lat' dir='ltr'><strong>bei</strong></span> <span class='ocrx_word' id='word_1_444' title='bbox 665 4128 733 4183; x_wconf 88' lang='lat' dir='ltr'><strong>Ver·</strong></span> <span class='ocrx_word' id='word_1_445' title='bbox 788 4128 836 4183; x_wconf 86' lang='lat' dir='ltr'><strong>des</strong></span> <span class='ocrx_word' id='word_1_446' title='bbox 851 4128 955 4184; x_wconf 82' lang='lat' dir='ltr'><strong>Grades</strong></span> <span class='ocrx_word' id='word_1_447' title='bbox 969 4129 1077 4198; x_wconf 80' lang='lat' dir='ltr'><strong>fehlen,</strong></span> <span class='ocrx_word' id='word_1_448' title='bbox 1095 4128 1135 4182; x_wconf 91' lang='lat' dir='ltr'><strong>im</strong></span> <span class='ocrx_word' id='word_1_449' title='bbox 1149 4127 1349 4185; x_wconf 84' lang='lat' dir='ltr'><strong>Lateinisohen</strong></span> 
     </span>
     <span class='ocr_line' id='line_1_49' title="bbox 174 4196 1347 4270; baseline 0.003 -20"><span class='ocrx_word' id='word_1_450' title='bbox 174 4196 241 4264; x_wconf 90' lang='lat' dir='ltr'><strong>ben,</strong></span> <span class='ocrx_word' id='word_1_451' title='bbox 264 4197 293 4251; x_wconf 90' lang='lat' dir='ltr'><strong>in</strong></span> <span class='ocrx_word' id='word_1_452' title='bbox 317 4199 443 4254; x_wconf 86' lang='lat' dir='ltr'><strong>walchen</strong></span> <span class='ocrx_word' id='word_1_453' title='bbox 463 4198 595 4254; x_wconf 88' lang='lat' dir='ltr'><strong>ohnedies</strong></span> <span class='ocrx_word' id='word_1_454' title='bbox 618 4199 664 4253; x_wconf 87' lang='lat' dir='ltr'><strong>die</strong></span> <span class='ocrx_word' id='word_1_455' title='bbox 682 4198 733 4253; x_wconf 89' lang='lat' dir='ltr'><strong>Be·</strong></span> <span class='ocrx_word' id='word_1_456' title='bbox 786 4216 861 4252; x_wconf 90' lang='lat' dir='ltr'><strong>muss</strong></span> <span class='ocrx_word' id='word_1_457' title='bbox 888 4199 927 4253; x_wconf 85' lang='lat' dir='ltr'><strong>sie</strong></span> <span class='ocrx_word' id='word_1_458' title='bbox 954 4199 1138 4270; x_wconf 78' lang='lat' dir='ltr'><strong>hiusugeffigt</strong></span> <span class='ocrx_word' id='word_1_459' title='bbox 1164 4198 1286 4256; x_wconf 77' lang='lat' dir='ltr'><strong>werden.</strong></span> <span class='ocrx_word' id='word_1_460' title='bbox 1313 4228 1347 4239; x_wconf 92' lang='lat'><em>-</em></span> 
     </span>
     <span class='ocr_line' id='line_1_50' title="bbox 174 4267 1346 4340; baseline 0.006 -21"><span class='ocrx_word' id='word_1_461' title='bbox 174 4267 295 4337; x_wconf 80' lang='lat' dir='ltr'><strong>aiehung</strong></span> <span class='ocrx_word' id='word_1_462' title='bbox 313 4269 423 4324; x_wconf 81' lang='lat' dir='ltr'><strong>auidis</strong></span> <span class='ocrx_word' id='word_1_463' title='bbox 442 4269 566 4324; x_wconf 82' lang='lat' dir='ltr'><strong>Zukunft</strong></span> <span class='ocrx_word' id='word_1_464' title='bbox 583 4268 655 4339; x_wconf 79' lang='lat' dir='ltr'><strong>liegt</strong></span> <span class='ocrx_word' id='word_1_465' title='bbox 677 4269 733 4336; x_wconf 91' lang='lat' dir='ltr'><strong>(bei</strong></span> <span class='ocrx_word' id='word_1_466' title='bbox 787 4275 812 4324; x_wconf 88' lang='lat'><strong>8.</strong></span> <span class='ocrx_word' id='word_1_467' title='bbox 831 4269 917 4324; x_wconf 87' lang='lat' dir='ltr'><strong>Huic</strong></span> <span class='ocrx_word' id='word_1_468' title='bbox 939 4270 1100 4340; x_wconf 87' lang='lat' dir='ltr'><strong>imperat,</strong></span> <span class='ocrx_word' id='word_1_469' title='bbox 1119 4286 1203 4338; x_wconf 86' lang='lat' dir='ltr'><strong>quas</strong></span> <span class='ocrx_word' id='word_1_470' title='bbox 1221 4270 1346 4340; x_wconf 84' lang='lat' dir='ltr'><strong>possit,</strong></span> 
     </span>
     <span class='ocr_line' id='line_1_51' title="bbox 165 4338 1347 4411; baseline 0.01 -26"><span class='ocrx_word' id='word_1_471' title='bbox 165 4351 294 4404; x_wconf 82' lang='lat' dir='ltr'><strong>sperare,</strong></span> <span class='ocrx_word' id='word_1_472' title='bbox 316 4338 474 4407; x_wconf 78' lang='lat' dir='ltr'><strong>polliceri),</strong></span> <span class='ocrx_word' id='word_1_473' title='bbox 493 4340 543 4394; x_wconf 85' lang='lat' dir='ltr'><strong>der</strong></span> <span class='ocrx_word' id='word_1_474' title='bbox 565 4340 658 4395; x_wconf 85' lang='lat' dir='ltr'><strong>blossc</strong></span> <span class='ocrx_word' id='word_1_475' title='bbox 681 4339 732 4394; x_wconf 88' lang='lat' dir='ltr'><strong>Be·</strong></span> <span class='ocrx_word' id='word_1_476' title='bbox 787 4339 901 4394; x_wconf 87' lang='lat' dir='ltr'><strong>adeat:</strong></span> <span class='ocrx_word' id='word_1_477' title='bbox 930 4341 1088 4411; x_wconf 80' lang='lat' dir='ltr'><strong>vergleiche</strong></span> <span class='ocrx_word' id='word_1_478' title='bbox 1115 4357 1139 4395; x_wconf 87' lang='lat' dir='ltr'><strong>c.</strong></span> <span class='ocrx_word' id='word_1_479' title='bbox 1163 4345 1198 4396; x_wconf 85' lang='grc'><strong>16</strong></span> <span class='ocrx_word' id='word_1_480' title='bbox 1220 4341 1347 4411; x_wconf 78' lang='lat' dir='ltr'><strong>postula·</strong></span> 
     </span>
    </p>
   </div>
   <div class='ocr_carea' id='block_1_4' title="bbox 0 0 1408 4778">
    <p class='ocr_par' dir='ltr' id='par_1_5' title="bbox 0 0 1408 4778">
     <span class='ocr_line' id='line_1_52' title="bbox 0 0 1408 4778; baseline 0 0"><span class='ocrx_word' id='word_1_481' title='bbox 0 0 1408 4778; x_wconf 95' lang='lat' dir='ltr'><strong> </strong></span> 
     </span>
    </p>
   </div>
  </div>
 </body>
</html>
