2804 4778
155 191 199 256 94
559 188 607 242 ou
621 188 745 243 numo
765 186 922 243 crnmco

155 359 278 418 mittunt
301 374 392 434 seque
417 358 447 415 in
468 354 648 415 deditionem
666 364 700 415 ut
723 356 856 434 recipiat,
878 361 992 432 petunt.
1035 352 1098 424 Qua
1121 355 1334 432 reimpetrata

156 464 237 506 arma
261 444 377 505 tradere
401 445 475 503 iussi
499 443 619 503 iaciunt.

244 530 295 593 22.
320 533 415 610 Atque
438 534 469 591 in
489 550 521 591 ea
546 549 579 591 re
599 533 732 590 omnium
755 537 927 590 nostrorum
945 531 1068 589 intentis
1092 532 1197 590 animis
1217 529 1274 591 alia
1295 549 1334 593 ex

155 632 238 701 parte
263 619 363 700 oppidi
387 620 585 699 AdiatunnnS,
614 621 664 697 qni
692 636 836 678 summam
864 620 982 697 imperii
1009 617 1143 698 tenebat,
1171 637 1240 678 cum
1264 637 1333 681 sex-

120 727 135 774 2
157 712 251 770 centis
275 709 398 788 devotis,
422 727 497 786 qnos
520 707 562 768 illi
586 707 734 767 soldurios
758 705 920 786 appellant,
942 723 1069 784 quorum
1093 706 1166 767 haec
1190 715 1236 767 est
1260 725 1333 768 con·

156 797 242 879 dicio,
265 799 310 858 nti
334 795 472 857 omnibns
495 798 603 856 invita
627 794 789 855 commodis
809 813 867 854 una
886 812 955 854 oum
977 796 1014 854 iis
1035 795 1182 875 truantur,
1201 814 1333 874 quornm

155 905 187 946 se
211 888 357 946 amicitiae
381 885 561 964 dediderint,
593 883 712 962 siquid
741 883 788 942 his
814 901 869 962 per
892 885 951 943 vim
974 883 1100 963 accidat,
1127 892 1178 944 aut
1201 884 1333 945 eundem

120 993 135 1040 3
156 993 256 1036 casnm
280 992 340 1034 una
362 974 459 1033 ierant
482 980 533 1032 aut
552 971 608 1032 sihi
632 981 759 1032 mortem
777 973 976 1050 consciscant3
999 989 1096 1049 neque
1116 971 1212 1032 adhuc
1235 973 1333 1034 homi-

155 1082 226 1123 num
249 1064 392 1122 memoria
416 1069 554 1139 repertus
578 1068 624 1120 est
655 1062 825 1140 quisquam,
853 1061 905 1139 qui
928 1078 963 1119 eo
987 1060 1159 1142 interiecto,
1187 1063 1274 1121 cuius
1299 1079 1334 1123 se

120 1170 136 1216 4
156 1153 301 1211 amicitiae
326 1150 500 1228 devovisset,
523 1151 600 1208 mori
623 1156 789 1208 recusaret:
817 1166 886 1207 cum
914 1147 960 1207 his
984 1147 1169 1209 Adiatunnus
1197 1150 1332 1229 eruptio·

156 1257 224 1299 nem
249 1239 346 1298 facere
371 1248 503 1318 conatus,
527 1237 655 1297 clamore
679 1235 714 1296 ab
744 1254 777 1296 ea
801 1244 884 1315 parte
909 1238 1082 1296 munitionis
1106 1236 1238 1319 sublato,
1261 1256 1335 1298 cum

156 1327 192 1387 ad
216 1344 296 1386 arma
320 1325 429 1387 milites
456 1327 693 1405 concurrissent,
716 1324 966 1404 vehementerque
990 1323 1032 1385 ibi
1054 1335 1217 1404 pugnatum
1242 1336 1336 1407 esset,

156 1414 294 1493 repulsus
313 1417 344 1474 in
358 1415 500 1494 oppidum
514 1423 622 1494 tamen,
637 1417 680 1473 uti
700 1412 801 1473 eadem
817 1407 974 1473 deditionis
995 1413 1168 1474 condicione
1183 1421 1334 1496 uteretur,

156 1521 172 1562 a
196 1502 303 1563 Crasso
327 1505 504 1581 impetravit.

245 1587 296 1651 23.
327 1591 424 1651 Armis
453 1588 666 1667 obsidibusque
695 1591 824 1668 acceptis
858 1588 982 1650 Crassus
1013 1592 1044 1649 in
1074 1591 1149 1650 fines
1176 1589 1335 1651 Vocatium

122 1689 188 1744 act
218 1679 406 1739 Tarusatium
434 1679 587 1758 profectus
617 1687 669 1738 est.
715 1676 793 1737 Turn
820 1695 890 1737 vero
923 1676 1040 1738 barbari
1068 1681 1221 1759 commoti,
1250 1679 1335 1757 quod

157 1767 299 1847 oppidum
322 1775 352 1827 et
375 1776 480 1828 natura
508 1766 565 1827 loci
593 1775 623 1826 et
647 1783 736 1825 manu
766 1768 913 1826 munitum
940 1769 1042 1845 paucis
1070 1766 1190 1848 diebus,
1221 1766 1335 1846 quibus

157 1873 191 1915 eo
215 1844 336 1916 venium
360 1864 432 1937 erat,
456 1864 655 1934 expugnatum
688 1863 899 1935 cognoverant,
927 1855 1038 1933 legatos
1052 1925 1053 1928 Ἴ
1067 1873 1186 1934 quoque
1209 1872 1336 1916 versum

156 1944 318 2026 dimittere,
343 1947 513 2023 coniurare,
537 1942 655 2003 obsides
681 1945 760 2003 inter
789 1961 820 2002 se
849 1943 932 2022 dare,
962 1945 1061 2023 copias
1089 1961 1194 2023 parare
1223 1962 1333 2024 coepe-

156 2151 231 2205 eiehe
258 2156 286 2218 1,
311 2156 357 2220 40,
384 2155 425 2203 12,
449 2181 482 2188 -
506 2148 541 2202 in
564 2148 713 2204 deditio·
768 2148 865 2217 (quin).
882 2180 914 2187 —
930 2156 954 2202 4.
970 2120 1040 2203 cum
1060 2148 1125 2204 his:
1144 2149 1216 2205 nach
1233 2149 1335 2207 diesen

154 2239 227 2276 nem
246 2224 282 2275 ut
304 2220 461 2288 recipiat
483 2219 573 2272 iibere.
592 2220 665 2273 nach
690 2226 713 2288 1,
767 2219 898 2288 werten,
923 2220 1011 2275 durch
1034 2221 1140 2275 welche
1163 2220 1237 2275 nach
1265 2221 1335 2276 dem

155 2299 202 2359 28,
223 2298 237 2344 2
258 2309 291 2344 zu
309 2291 339 2344 in
357 2290 528 2345 deditionem
547 2290 663 2359 accepit.
768 2291 885 2360 ldngern
910 2290 1130 2346 Zwischensatue
1155 2291 1200 2345 die
1225 2291 1336 2360 begon-

767 2378 839 2415 nene
870 2361 946 2416 Reda
978 2361 1083 2416 wieder
1113 2361 1336 2432 anigenommen

191 2431 257 2500 Cap.
277 2437 319 2486 22,
346 2437 369 2483 1.
388 2430 423 2483 in
441 2445 479 2483 ea
496 2444 531 2482 re
551 2460 583 2469 —
602 2430 714 2484 interr·
768 2432 838 2486 wird
862 2432 1079 2502 (Epanalepsia),
1102 2433 1168 2502 fdge
1187 2432 1286 2500 „also“
1305 2452 1334 2488 u.

153 2503 213 2557 his:
232 2502 276 2554 fiir
291 2503 345 2555 den
359 2500 475 2554 Ablativ
489 2502 635 2554 erwartete
650 2517 715 2555 man
768 2502 937 2557 wiederhole
951 2507 1074 2558 conatus.
1086 2534 1119 2543 -
1135 2504 1286 2558 elamore
1297 2534 1332 2544 -

155 2573 208 2626 den
227 2575 338 2637 Accus.;
362 2570 447 2625 ailein
471 2570 501 2624 in
519 2587 549 2624 re
575 2571 715 2626 intentum
770 2574 922 2628 sublato:
946 2573 1061 2629 Ablativ
1084 2574 1133 2628 des
1152 2573 1281 2629 Grandes
1305 2593 1333 2629 u.

155 2661 214 2698 esse
245 2643 408 2698 bezeichnen
432 2642 644 2696 ausdrucksvoll
670 2642 715 2696 die
770 2644 818 2698 der
832 2643 905 2712 Zeit,
924 2646 1015 2699 iibere.
1031 2644 1119 2700 durch
1138 2644 1200 2700 eine
1214 2645 1333 2714 Prhpos.

154 2712 412 2769 Aufmerksamkeit
434 2711 464 2766 in
484 2713 551 2766 oder
573 2713 620 2767 bei
639 2713 715 2767 einer
769 2716 983 2785 -repulsus
1006 2716 1096 2770 iibere.
1120 2716 1193 2771 nach
1213 2722 1242 2783 1,
1260 2721 1278 2770 3
1297 2734 1334 2770 zu

156 2786 253 2841 Saohe.
281 2786 335 2839 Zur
354 2783 549 2838 construction
569 2783 618 2838 des
633 2784 713 2839 Wor·
768 2802 855 2856 reguo
883 2788 1019 2855 occupato
1047 2803 1074 2854 ος
1102 2786 1156 2840 wie
1184 2787 1252 2841 abor
1281 2787 1335 2845 dns

154 2861 197 2912 tes
215 2857 304 2926 vergl.
325 2873 347 2910 o.
362 2861 397 2910 26
416 2855 451 2908 ad
470 2871 594 2924 pugnam
612 2855 663 2909 int.
678 2884 713 2894 -—
768 2855 895 2926 Perticip
910 2858 1081 2926 ausculdsen,
1097 2857 1191 2927 ergibt
1204 2857 1265 2912 sich
1280 2874 1334 2913 eus

156 2928 316 2983 omnium:
345 2945 365 2981 s.
390 2932 418 2993 1,
442 2931 483 2980 27.
514 2957 547 2965 -
576 2925 712 2980 animis:
768 2928 832 2982 dem
859 2927 1010 2998 folgenden
1036 2930 1145 2995 tamem
1173 2927 1258 2982 ordna
1285 2918 1336 2983 die

154 2996 713 3062 Aufmerksamkeii3nachanimisordne
767 2998 904 3066 Partikel,
922 2998 976 3052 mit
994 2999 1115 3054 welcher
1127 3015 1157 3053 re
1179 2998 1256 3054 uleus
1271 2998 1334 3054 euf-

155 3071 278 3124 conatus.
294 3100 328 3108 -
348 3067 485 3122 devotis
504 3067 542 3121 ist
556 3067 713 3121 Suberant:
768 3070 881 3128 zuidsen
903 3069 954 3138 ist,
977 3070 1050 3124 nach
1071 3069 1137 3125 dem
1158 3016 1242 3124 garze
1267 3087 1334 3129 eum

155 3141 300 3194 Getreuen.
331 3138 357 3194 S.
375 3144 398 3206 1,
413 3142 456 3205 25,
475 3137 561 3191 Ende.
578 3169 609 3176 —
630 3153 714 3206 quos
769 3171 803 3180 -
823 3142 947 3195 conatus.
972 3140 1006 3179 -“-
1030 3139 1133 3194 uri-
1157 3141 1331 3196 uteretur:

154 3207 715 3280 appellant,quorumgleichesdtze
768 3211 838 3265 iiber
861 3211 906 3265 die
931 3211 1013 3264 Kraft
1035 3211 1083 3265 des
1102 3210 1286 3280 ¹conjunctive
1310 3228 1335 3267 s.

155 3279 208 3335 wie
223 3286 247 3349 1,
263 3287 276 3332 1
293 3280 342 3348 qui
356 3309 398 3343 -,
413 3276 588 3346 quibuscum.
600 3309 633 3318 -
648 3279 714 3333 eol·
772 3288 795 3350 1,
816 3288 848 3336 19
869 3300 903 3334 zu
921 3281 1026 3336 iubeat.

155 3350 288 3404 dusios:
312 3349 426 3403 behalie
450 3347 499 3401 das
518 3348 600 3402 Wort
617 3349 648 3402 in
666 3349 716 3403 der
806 3351 872 3422 Cap.
888 3359 931 3407 23.
951 3359 976 3408 2.
991 3352 1072 3406 Tum
1090 3368 1184 3407 vero:
1203 3351 1249 3407 die
1263 3352 1335 3408 Par·

153 3421 364 3488 Uebersetzung
381 3419 435 3473 bei.
449 3448 485 3458 —
499 3424 524 3471 2.
544 3418 712 3474 condicio:
766 3423 857 3477 tikeln
870 3423 974 3479 weisen
987 3422 1206 3477 nachdrr'icklich
1221 3421 1273 3477 auf
1284 3423 1334 3480 die

153 3491 337 3546 Verh'dliniss.
358 3521 391 3528 -
416 3489 602 3556 siquid-
622 3491 712 3543 acci·
767 3493 872 3549 Gefahr
893 3493 950 3550 hin,
974 3524 1008 3535 -
1032 3510 1141 3548 manu:
1169 3493 1269 3549 Kunst.
1296 3525 1333 3536 -

154 3563 224 3616 dat:
253 3561 304 3614 das
331 3559 506 3614 Verhditniss
539 3560 588 3614 des
618 3559 714 3616 Satzes
792 3565 888 3620 aucis
906 3565 1041 3619 diebus:
1061 3564 1335 3620 nb1.indorse1ben

153 3651 186 3686 zu
200 3633 266 3714 darn
278 3630 524 3701 vorhergehenden
537 3631 575 3685 ist
592 3631 712 3713 klan-
766 3584 935 3705 fiedeurung
952 3636 1006 3690 wie
1027 3642 1051 3704 1,
1071 3642 1103 3689 31
1124 3635 1249 3690 futurum
1269 3651 1333 3691 esse

153 3720 212 3773 per
235 3721 314 3757 vrmz
338 3721 358 3758 s.
379 3708 409 3770 1,
427 3707 475 3769 42,
495 3709 519 3757 4.
543 3720 576 3755 zu
599 3719 650 3772 per
671 3721 713 3756 1n-
767 3707 864 3777 paucis
887 3706 976 3762 aunis.
1001 3737 1034 3746 -
1058 3706 1183 3774 quibus
1206 3731 1240 3751 =
1265 3723 1333 3762 cum

154 3774 247 3829 sidias.
268 3805 300 3812 —
325 3779 350 3828 3.
374 3774 532 3842 repertus
551 3775 602 3827 est
620 3774 712 3842 quis·
768 3779 835 3832 oder
856 3777 1015 3847 postquam.
1046 3776 1245 3847 Vergl.4,18
1271 3776 1335 3833 dio-

154 3862 264 3915 quam,
293 3844 352 3913 qui
376 3873 408 3883 ν·
432 3846 621 3898 recusaret:
649 3843 712 3898 Bei-
767 3850 819 3903 bus
837 3850 947 3916 decem,
971 3847 1073 3917 quibus
1091 3848 1211 3902 materia
1229 3849 1336 3918 coepta

153 3917 223 3986 spiel
241 3915 286 3969 fiir
299 3917 425 3984 repertus
440 3916 490 3983 eet,
510 3913 559 3983 qui
578 3914 630 3968 mit
648 3915 713 3969 dem
767 3920 828 3974 erat
846 3919 1028 3988 comportari3
1048 3919 1107 3972 und
1125 3924 1156 3983 5,
1175 3924 1209 3974 26
1228 3918 1338 3976 diebus.

154 3987 230 4057 Conj.
250 3987 308 4040 und
329 3986 374 4040 fiir
397 3985 443 4040 die
461 3985 551 4040 Lehre
575 3986 624 4040 der
643 3984 712 4040 Gon·
767 3990 877 4045 circiter
890 3989 952 4057 XV,
971 3989 1071 4058 quibua
1085 3988 1115 4042 in
1129 3988 1248 4052 hiberna
1261 4005 1334 4044 van-

153 4057 258 4113 secutio
280 4060 452 4126 temporum3
475 4057 549 4110 donn
571 4058 714 4110 recusaret
766 4064 827 4115 tum
851 4063 901 4115 est.
921 4091 954 4100 —
979 4077 1113 4129 quoque
1136 4075 1271 4115 versum
1295 4085 1334 4117 a

151 4129 191 4183 isi
219 4129 307 4182 durch
335 4128 380 4182 ein
405 4127 522 4182 anderes
547 4125 643 4196 Temp.
670 4127 712 4180 als
766 4133 796 4185 in
816 4148 910 4186 omnes
929 4133 1037 4200 partae,
1055 4131 1128 4185 nach
1143 4130 1225 4213 Jeder
1241 4130 1333 4200 (quis-

153 4199 202 4253 das
216 4198 327 4269 imperf.
343 4217 376 4252 zu
389 4199 563 4264 ubersetzem
578 4198 634 4251 und
650 4198 712 4252 Bei—
766 4205 833 4272 que)
853 4201 928 4257 Seite
946 4202 1004 4256 hin.
1024 4232 1057 4242 -
1078 4202 1216 4256 obsrdes
1234 4200 1334 4258 inter

153 4270 224 4339 spiel
242 4269 288 4323 fiir
306 4269 351 4324 die
366 4269 471 4324 Constr.
486 4285 542 4322 von
559 4284 616 4321 non
634 4284 711 4322 recu·
767 4291 800 4329 se
819 4274 917 4328 dare:
936 4273 1005 4328 iiber
1019 4273 1069 4327 das
1087 4271 1218 4327 fehlende
1233 4270 1289 4328 uhi
1308 4291 1332 4333 s.

145 4356 220 4405 aare,
244 4340 330 4408 vergi.
352 4345 375 4408 1,
396 4345 429 4393 31
452 4337 634 4408 (quominus);
653 4344 679 4405 4,
696 4345 711 4392 '1
767 4351 791 4412 1,
810 4350 826 4398 3
846 4362 881 4399 zu
900 4343 954 4398 den
967 4343 1085 4399 Worien
1102 4342 1176 4397 inter
1195 4373 1229 4384 ·—
1248 4342 1334 4403 dani.
