2804 4778
148 217 191 282 62
553 216 602 271 DE
620 217 739 272 BELLO
759 215 916 271 GALLICO
936 259 939 263 ,

16 461 18 463 ¹
112 383 330 463 4reperiebat:
365 383 485 444 Nullum
518 382 630 443 aditum
657 400 723 442 esse
754 381 789 441 ad
819 399 870 441 eos
900 381 1130 461 mercatoribus,
1161 382 1235 442 nihil
1262 384 1325 463 pati

148 475 208 532 vini
238 472 479 550 reliquarumque
511 488 614 531 rernm
645 470 764 550 inierri,
797 469 875 548 qrrod
906 472 943 529 iis
974 469 1065 530 rebus
1095 469 1324 549 relanguescere

112 563 259 620 caninos
288 569 318 620 et
345 562 457 621 remitti
485 561 625 620 virtutem
655 560 873 619 existimarent:
901 575 967 618 esse
995 557 1130 619 homines
1158 560 1239 619 leros
1263 577 1324 619 ma-

146 667 281 728 gnaeque
310 650 442 709 virtutis:
469 649 649 725 increpitare
678 656 766 724 atque
799 648 936 706 incusare
965 646 1096 724 reliquos
1124 645 1242 728 Belgas,
1269 651 1323 726 quii

147 755 179 797 se
206 736 317 816 populo
349 736 483 797 Romano
512 735 696 796 dedidissent
725 737 909 813 patriamqne
937 737 1078 795 virtutem
1109 737 1322 813 proiecissent:

111 825 322 886 cconlirmare
346 842 413 903 sese
441 841 539 901 neque
562 823 674 902 legatos
702 825 847 883 missuros
875 840 972 900 neque
1001 822 1092 883 ullam
1115 823 1323 885 condicionem

146 916 228 992 pacis
252 923 436 992 accepturos.
954 937 960 949 ·

237 998 287 1062 16.
311 1000 387 1062 Cum
409 1019 464 1080 per
487 1017 591 1061 eornm
613 1001 689 1060 lines
711 999 845 1060 munem
868 1000 926 1059 iter
945 999 1075 1081 lecisset,
1094 999 1267 1062 :inveniebat
1285 1019 1322 1062 er
1363 1046 1367 1053 1

147 1091 270 1169 captivis
293 1088 394 1149 Sabim
422 1089 534 1149 {lumen
557 1088 593 1148 ab
617 1089 724 1149 castris
751 1090 816 1148 suis
844 1105 903 1147 non
927 1087 1053 1167 amplius
1076 1087 1157 1149 milia
1177 1107 1322 1168 passuum

111 1178 250 1238 adenem
279 1176 396 1238 abesse:
424 1187 507 1237 trans
534 1176 564 1236 id
587 1176 699 1237 ilrrmcn
729 1192 832 1236 omues
862 1174 986 1236 Nervios
1015 1177 1184 1237 consedisse
1215 1177 1321 1242 adveu-

146 1275 270 1344 tumque
294 1265 336 1326 ibi
354 1265 554 1326 Romanorum
578 1273 751 1345 exspectare
774 1282 833 1324 arna
857 1281 926 1324 cum
946 1263 1095 1325 Atrebatis
1120 1273 1152 1324 et
1168 1264 1322 1327 Viroman-

147 1353 224 1433 duis,
242 1355 375 1414 finitimis
398 1356 460 1415 suis
479 1347 562 1435 (nam
586 1353 632 1412 his
652 1354 788 1431 utrisque
806 1360 1025 1432 persuaserant,
1044 1355 1089 1414 nti
1107 1354 1232 1414 eandem
1252 1353 1322 1416 belli
1377 1363 1379 1367 ’

112 1453 127 1501 3
148 1444 298 1503 lortrmam
315 1435 554 1524 experirentur);
572 1443 739 1521 exspectari
756 1443 846 1501 etiam
865 1438 900 1500 ab
920 1439 967 1500 his
980 1440 1203 1503 Aduatucorum
1222 1445 1323 1523 copias

112 1540 236 1608 4atque
267 1548 333 1591 esse
363 1533 394 1591 in
424 1532 544 1591 itinere:
575 1529 716 1590 mulieres
744 1531 854 1608 quique
883 1546 938 1607 per
969 1537 1093 1590 aetatem
1126 1530 1162 1591 ad
1193 1548 1323 1611 pugnam

148 1618 270 1679 inutiles
292 1618 465 1680 viderentur
488 1621 519 1678 in
542 1636 611 1679 cnm
634 1617 734 1678 locum
761 1619 939 1697 coniecisse,
966 1635 1027 1695 quo
1052 1627 1177 1697 propter
1199 1619 1323 1698 paludes

149 1709 294 1767 exercitui
317 1707 414 1768 aditus
437 1725 497 1767 non
522 1716 609 1767 esset.

240 1793 289 1855 17.
312 1794 366 1855 His
389 1794 480 1857 rebus
505 1797 630 1873 cognitis
654 1793 855 1872 exploratores
875 1796 1125 1873 centurionesque
1148 1798 1324 1876 praemittit,

114 1885 201 1962 eqni
224 1883 321 1944 locrrm
344 1883 485 1944 idoneum
509 1885 614 1944 castris
637 1881 775 1960 deligant.
817 1880 892 1942 Cum
914 1899 951 1942 ex
970 1881 1118 1943 dediticiis
1138 1881 1236 1963 Belgis
1255 1885 1324 1945 reli·

149 1973 275 2050 quisque
294 1970 384 2032 Gallis
407 1972 576 2051 complures
596 1971 751 2032 Caesarem
772 1971 867 2030 secuti
887 1988 945 2030 una
963 1972 1021 2030 iter
1037 1971 1182 2053 iacerent,
1202 1972 1321 2050 quidam

149 2078 184 2119 er
207 2060 263 2141 bis,
285 2068 319 2121 ut
341 2068 445 2140 pastea
467 2079 504 2120 ex
527 2061 650 2139 captivis
674 2061 826 2138 cognitum
850 2067 903 2139 est,
928 2076 1032 2119 eorum
1054 2058 1172 2120 dierum
1195 2078 1320 2123 conene-

148 2148 251 2209 tudine
270 2150 387 2209 itineris
410 2150 506 2209 nostri
525 2149 673 2208 exercitus
694 2155 851 2226 perspecta
870 2156 957 2208 nocte
981 2147 1017 2206 ad
1035 2146 1159 2208 Nervios
1176 2166 1321 2228 pervene-

149 2245 220 2297 runt
243 2247 331 2314 atque
354 2239 392 2296 iis
415 2236 658 2297 demonstrarunt
685 2237 764 2296 inter
788 2235 919 2314 singulas
941 2235 1074 2315 legiones
1096 2236 1322 2315 impedimento·

150 2342 217 2384 rum
240 2342 379 2403 magnum
402 2342 560 2384 numerum
583 2322 784 2404 intercedere,
807 2341 906 2402 nequa
928 2341 994 2384 esse
1018 2327 1178 2403 quiequam
1200 2328 1323 2407 negotii,

149 2527 244 2582 selben
254 2527 380 2582 Worten.
391 2558 424 2567 -
439 2534 464 2581 4.
478 2527 619 2591 Nullum
633 2528 707 2582 adi·
761 2527 815 2583 mit
828 2528 882 2582 den
895 2527 1041 2584 Nerviern.
1054 2561 1088 2569 —
1102 2535 1127 2586 3.
1147 2530 1181 2583 in
1194 2529 1324 2586 itinere

149 2602 219 2653 tum
234 2623 268 2644 a
281 2613 338 2652 non
355 2598 440 2652 licere
459 2597 544 2653 adire.
564 2629 597 2638 -
617 2597 709 2653 nihil
761 2600 854 2655 iibere.
880 2599 1042 2655 adverbiali.
1068 2631 1102 2642 -
1128 2606 1153 2655 4.
1179 2601 1323 2671 quiquee

148 2669 225 2738 peti
254 2669 339 2723 vini:
370 2669 416 2724 dia
442 2669 583 2739 Negation
607 2670 709 2739 gehdrt
762 2671 813 2724 dus
844 2669 1103 2726 Demonstrativum
1139 2671 1326 2726 unmittelbar

148 2758 211 2794 zum
216 2739 353 2807 Verbum
363 2739 707 2811 dahermiissteeseigent·
762 2756 813 2795 vor
827 2740 891 2795 dem
900 2740 1063 2796 Relativum
1075 2741 1149 2797 fehlt
1159 2740 1208 2797 ort.
1219 2760 1325 2812 -per

149 2811 206 2866 lich
233 2811 356 2866 heissam
385 2828 440 2866 non
468 2811 529 2880 pati
554 2811 709 2882 quidquem
763 2813 927 2867 aetatem:
947 2811 1041 2866 Altero
1055 2812 1166 2881 halber,
1180 2813 1238 2883 vgl.
1254 2819 1323 2882 8,9:

148 2882 215 2937 vini.
228 2911 263 2922 -
281 2882 564 2950 reliquarumque
581 2899 707 2937 rerum:
762 2898 812 2964 per
829 2883 896 2937 anni
913 2883 1032 2951 tempus.
1053 2912 1086 2923 ·—
1110 2883 1152 2938 ad
1175 2898 1325 2953 pugnarn

149 2955 207 3006 und
220 2952 271 3007 der
284 2952 402 3021 iibrigen
417 2952 588 3022 (ithnlicheu)
599 2952 707 3023 Gegeu-
760 2953 908 3008 inutiles
932 2953 1023 3008 iibere.
1046 2953 1135 3009 durch
1158 2953 1214 3009 ein
1231 2954 1323 3010 Wort.

149 3023 256 3078 stdnde.
279 3022 708 3094 DieW.d„ii1gtnachrerum
762 3053 796 3063 -
824 3023 1031 3093 coniecisse,
1059 3040 1138 3080 worn
1166 3025 1215 3078 das
1243 3024 1323 3096 Subj.

147 3093 245 3148 hinnu:
272 3093 308 3148 ad
333 3093 473 3148 luxuriam
498 3093 706 3162 pertinentium.
761 3093 849 3149 leicbt
864 3112 899 3148 zu
913 3099 1059 3164 ergtnzen,
1077 3094 1149 3151 ben:
1169 3096 1268 3150 hittun
1283 3099 1324 3151 sie

149 3193 184 3204 -
202 3163 328 3218 inferri
345 3165 405 3219 libs.
424 3165 497 3218 nach
516 3169 541 3231 2,
563 3170 577 3217 1
596 3183 629 3218 zu
647 3161 708 3220 ver'·
762 3163 858 3288 eiliglst
888 3164 1013 3233 gefflhrt,
1045 3166 1190 3246 gebracht
1233 3166 1325 3223 Achto

150 3234 213 3288 sari.
249 3234 338 3288 Deliis
360 3234 437 3289 steht
459 3241 489 3302 4,
512 3240 547 3288 2?
573 3265 606 3274 -
633 3235 708 3288 ani·
762 3251 816 3290 auc
859 3236 910 3289 auf
935 3235 980 3289 die
1003 3241 1095 3290 achre
1118 3236 1323 3305 construction,

149 3321 230 3359 mos:
249 3303 339 3358 Muth.
371 3304 454 3358 Nech
472 3304 580 3359 ammos
599 3305 645 3359 die
662 3304 707 3358 W.
762 3304 808 3359 die
835 3305 896 3360 hier
922 3306 1085 3361 amitiinden
1112 3307 1230 3375 konnte,
1259 3308 1325 3363 weil

149 3377 182 3429 A.
203 3376 330 3443 (eorum).
354 3405 388 3413 -
412 3381 436 3431 5.
460 3375 519 3444 qui
537 3405 571 3414 -
595 3376 708 3444 proie·
763 3375 850 3431 durch
869 3375 991 3431 dissolbe
1010 3378 1072 3432 eine
1091 3377 1326 3448 Zweideutigkeit

150 3445 294 3499 cissent:
322 3445 540 3514 weggeworian,
567 3461 622 3500 von
650 3445 709 3500 sich
762 3445 842 3501 nicht
855 3447 1229 3503 entstebt.-exercitui:
1244 3447 1326 3504 nicht

149 3515 290 3584 geworfen
308 3516 408 3570 httten
426 3516 489 3584 (orie
504 3516 566 3571 eine
580 3517 709 3571 vertcht
763 3517 843 3586 „dem
862 3517 979 3573 Heere“.

149 3587 224 3640 liche
233 3586 289 3640 und
304 3586 370 3641 feile
380 3587 480 3656 Saohe)
494 3585 531 3643 ist
541 3587 708 3645 Causalsete.
799 3587 865 3659 Gap.
886 3595 928 3644 17.
952 3595 977 3643 2.
1001 3605 1115 3644 eorum
1139 3589 1270 3644 dierum
1289 3620 1324 3631 -

764 3659 939 3714 exercitus
969 3660 1060 3715 beisst
1091 3660 1245 3730 cigentlich
1277 3660 1324 3716 die

243 3727 277 3781 Π.
296 3727 349 3782 Die
367 3727 620 3787 Nervierscblacbt.
763 3730 1162 3814 lieenesmarschgewohnheit·
1190 3731 1325 3786 utbrend

337 3833 377 3902 2
399 3838 523 3904 2-2)
874 3801 1121 3942 terre-et
1136 3802 1251 3940 recu
1265 3801 1325 3928 u

186 3939 252 4009 Cap.
273 3946 314 3995 16.
340 3947 363 3996 1.
387 3940 606 3996 inveniebat:
629 3942 710 3996 datur
763 3959 847 3996 unser
860 3942 934 3997 Heer
946 3942 1080 3997 withrend
1094 3942 1184 3998 dieser
1198 3944 1276 4013 Tege
1289 3956 1325 3998 ru

151 4011 228 4064 steht
254 4028 277 4066 c.
303 4018 321 4065 4
348 4012 462 4082 Anfsng
492 4012 614 4067 welcber
640 4015 709 4067 Aue·
763 4012 934 4067 marechiren
952 4013 1064 4083 pilegte.
1101 4014 1191 4068 Achte
1208 4013 1260 4069 aui
1276 4013 1324 4068 die

150 4081 255 4135 druck?
278 4112 314 4122 —
339 4089 364 4138 2.
392 4085 491 4138 trans
516 4082 551 4136 id
578 4082 709 4137 flumen
799 4083 916 4137 hitultcn
929 4099 984 4138 von
999 4084 1131 4139 einander
1144 4083 1325 4156 ebhtugIgcn

150 4154 216 4205 etc:
236 4152 292 4207 bet.
310 4155 389 4207 trans
408 4173 434 4207 u.
454 4170 557 4226 omnes.
578 4183 611 4194 -
635 4169 710 4223 per·
790 4153 908 4210 enetive.
936 4154 1001 4209 Wie
1014 4150 1127 4226 biiuges
1142 4155 1183 4210 sie
1195 4171 1252 4210 von
1261 4155 1325 4211 ein·

152 4226 343 4277 suaserant.
378 4218 435 4277 Der
466 4223 605 4279 indicatis
638 4224 710 4278 nach
764 4224 1324 4281 anderab‘i-numerumz'l'hciloe-

151 4291 215 4345 dem
229 4298 279 4346 c.4
294 4312 327 4347 zu
346 4294 525 4365 appellantur
541 4294 710 4349 Bemerlrten
763 4311 870 4363 neque
890 4311 965 4350 asse
988 4296 1183 4366 quicquam:
1208 4296 1254 4351 ein
1272 4312 1324 4351 an·

137 4360 232 4412 lereht
256 4379 292 4413 cn
321 4365 460 4421 erblitren,
491 4374 531 4406 -'
545 4367 709 4439 pecudem:
764 4366 844 4421 ‹lerer
862 4367 1011 4422 Ausdruck
1033 4367 1116 4422 darm
1134 4369 1211 4422 steht
1229 4372 1259 4437 n,
1278 4372 1324 4426 38.
