2804 4778
194 237 258 300 196
398 313 401 317 ἢ
594 235 642 289 nn
662 234 782 289 annno
803 233 960 290 cancico

256 400 308 465 35.
336 403 415 463 llaec
437 404 469 463 in
487 400 625 462 omnibus
643 400 818 462 Eburonum
839 399 975 480 partibus
999 399 1193 481 gerebantur,
1217 401 1345 482 diesque

75 493 79 500 ’
168 491 324 572 appetebat
351 493 510 571 septimus,
537 489 685 569 quemad
713 489 791 551 diem
815 489 922 550 Cacsar
946 488 981 548 ad
1009 488 1221 568 impedimenta
1252 491 1345 571 legio·

133 591 295 658 anemque
318 582 429 640 reverti
451 581 654 640 constituerat.
691 577 759 659 Hic,
783 579 978 656 quantumin
1001 577 1079 637 bello
1103 578 1224 639 fortuna
1246 583 1346 659 possit

132 681 148 729 3
168 677 197 730 et
221 677 347 748 quantos
371 670 474 729 afferat
496 686 597 747 casus,
621 669 760 745 cognosci
781 669 887 746 potuit.
933 665 1088 746 Dissipatis
1111 684 1146 726 ac
1169 671 1344 746 perterritis

166 757 317 838 hostibus,
336 765 370 818 ut
393 758 674 835 demonstravimus,
692 774 797 816 manus
817 763 880 816 erat
903 753 997 835 nulle,
1015 772 1090 833 quae
1113 773 1234 834 parvam
1253 757 1344 818 modo

131 858 284 907 4causam
318 848 433 907 umoris
465 846 593 905 afferret.
645 844 740 905 Trans
772 843 909 905 Rhenum
941 843 977 903 ad
1010 842 1173 904 Germanos
1205 850 1345 925 pervenit

166 935 256 1015 fama,
289 935 377 1015 diripi
408 933 565 995 Eburones
597 941 686 1011 atque
723 932 803 993 ultro
835 950 938 993 omnes
970 931 1007 992 ad
1043 932 1183 1011 praedam
1216 938 1343 996 evocari.

132 1035 147 1082 5
168 1023 284 1103 Cogunt
313 1025 447 1101 equitum
475 1024 534 1083 duo
561 1021 642 1083 milia
666 1021 836 1102 Sugambri,
865 1023 917 1100 qui
940 1028 1010 1081 sunt
1032 1022 1161 1099 proximi
1183 1021 1303 1105 Rheno,
1328 1043 1345 1085 a

167 1111 275 1190 quibus
299 1119 436 1191 receptos
460 1129 495 1171 ex
519 1111 588 1189 fuga
611 1111 774 1171 Tencteros
798 1119 886 1188 atque
905 1108 1042 1189 Usipetes
1068 1127 1158 1188 supra
1176 1109 1344 1174 docuimus.

132 1214 147 1261 6
168 1200 337 1260 Transeunt
359 1199 497 1261 Rhenum
520 1199 644 1260 navibus
663 1198 836 1277 ratibusque
855 1197 936 1258 XXX
955 1196 1075 1258 milibus
1098 1217 1242 1277 passuum
1265 1203 1348 1277 infra

168 1306 236 1348 eum
267 1288 364 1349 locum
370 1336 379 1369 ,
413 1287 464 1348 ubi
494 1306 570 1367 pons
603 1296 667 1348 erat
698 1289 849 1367 perfectus
880 1286 1121 1366 praesidiumque
1150 1287 1186 1348 ab
1216 1288 1344 1352 Caesare

167 1377 317 1437 relictum:
347 1379 459 1455 primos
482 1376 657 1438 Eburonum
685 1377 760 1436 fines
789 1376 912 1436 adeunt:
942 1375 1052 1436 multos
1075 1393 1111 1435 ex
1135 1376 1203 1455 fuga
1227 1379 1343 1458 disper-

166 1483 216 1525 sos
240 1467 404 1546 excipiunt,
427 1483 533 1543 magno
556 1467 675 1544 pecoris
698 1482 837 1543 numero,
861 1466 946 1525 cuius
970 1472 1040 1525 sunt
1062 1464 1248 1543 cupidissimi
1275 1467 1344 1528 har-

131 1553 246 1634 tberi,
269 1556 434 1632 potiuntur.
478 1550 599 1614 Invitati
621 1554 731 1633 praeda
753 1553 870 1632 longius
892 1553 1072 1632 procedunt:
1096 1571 1156 1613 non
1179 1552 1234 1614 hos
1257 1557 1344 1635 palus

165 1643 198 1702 in
221 1641 298 1702 bello
322 1642 544 1720 latrociniisque
564 1650 662 1717 natos,
686 1660 746 1703 non
766 1642 855 1702 silvae
879 1649 1041 1702 morantur.
1071 1640 1190 1712 'Quibus
1213 1645 1244 1703 in
1269 1644 1344 1706 locis

167 1733 205 1791 sit
230 1730 351 1812 Caesar,
374 1749 410 1792 ex
434 1733 557 1810 captivis
581 1739 741 1812 quaerunt3
770 1731 938 1810 profectum
961 1730 1078 1809 longius
1101 1733 1258 1809 reperiunt
1280 1752 1343 1794 om·

129 1835 293 1898 anemque
317 1821 482 1881 exercitum
504 1819 677 1880 discessisse
701 1828 891 1900 cognoscunt.
929 1818 1027 1898 Atque
1046 1836 1124 1879 unus
1143 1837 1179 1879 ex
1203 1824 1344 1900 captivis:

166 1907 244 1979 Quid
267 1927 332 1989 vos,
355 1910 465 1988 inquit,
488 1908 565 1969 franc
583 1911 723 1969 miseram
741 1927 775 1969 ac
793 1917 915 1970 tenuem
934 1909 1088 1983 sectamini
1106 1907 1256 1985 praedam,
1277 1913 1343 1989 qui·

165 1995 222 2057 bus
244 1997 315 2057 licet
336 1999 395 2057 iam
418 2015 483 2058 esse
508 1993 774 2058 fortunatissimis?
810 1997 920 2058 Tribus
943 1997 1025 2057 horis
1038 1997 1222 2059 Aduatucam
1237 2001 1343 2060 venire

165 2087 303 2164 potestis:
330 2085 389 2146 huc
413 2104 516 2146 omnes
540 2105 608 2146 suas
637 2087 771 2147 fortunas
799 2088 950 2147 exercitus
973 2085 1174 2145 Romanorum
1198 2087 1343 2149 contulit:

130 2175 304 2252 epraesidii
337 2182 452 2235 tantum
484 2183 542 2255 est,
575 2183 609 2235 ut
640 2193 677 2234 ne
709 2193 813 2236 murus
847 2175 967 2252 quidem
997 2175 1075 2252 cingi
1105 2176 1213 2255 possit,
1243 2194 1343 2255 neque

112 2275 147 2324 10
166 2264 302 2340 quisqam
321 2262 422 2341 egredi
441 2270 525 2322 extra
543 2264 724 2324 munitiones
748 2263 862 2323 audeat.
895 2262 998 2323 Oblata
1017 2281 1070 2342 spe
1089 2262 1227 2322 Germani
1251 2282 1344 2342 quam

166 2353 245 2410 nacti
268 2358 353 2410 erant
375 2350 514 2428 praedam
533 2353 564 2410 in
583 2351 701 2412 occulto
721 2351 906 2432 relinquunt,
929 2353 987 2430 ipsi
1009 2350 1192 2412 Aduatucam
1216 2359 1341 2414 conten-

53 2480 55 2485 ·
166 2437 240 2498 dunt
263 2440 310 2498 usi
333 2439 437 2498 eodem
460 2437 551 2519 duce,
575 2441 661 2500 cuius
684 2440 756 2500 haec
779 2439 888 2500 indicio
913 2448 1119 2518 cognoverant.

245 2523 295 2587 36.
320 2526 440 2607 Cicero,
463 2529 514 2605 qui
533 2545 636 2589 omnes
655 2530 826 2607 superiores
844 2529 908 2589 dies
930 2531 1098 2608 praeceptis
1118 2528 1252 2590 Caesaris
1272 2549 1343 2592 cum

840 2620 848 2643 Ι

198 2698 263 2767 Cap.
274 2705 317 2752 35.
338 2691 362 2752 1'.
376 2697 505 2753 reverti
518 2699 595 2753 kann
609 2699 682 2753 nach
697 2705 722 2766 1,
776 2699 979 2768 imGegensatz
988 2716 1051 2752 zum
1060 2697 1211 2768 folgenden
1220 2698 1342 2770 longius.

162 2775 197 2824 44
210 2788 244 2824 zu
257 2770 318 2839 geri
330 2770 472 2824 fiberseizt
484 2770 603 2824 werden.
631 2770 723 2824 Ueber
777 2798 811 2810 —·
831 2776 855 2824 7.
874 2786 939 2824 non
954 2801 987 2808 -
1002 2784 1079 2824 non:
1098 2769 1185 2838 vergl.
1205 2771 1276 2825 fiber
1294 2771 1342 2826 die

162 2840 207 2894 die
232 2840 322 2895 Sache
350 2841 438 2909 vergl.
462 2857 485 2895 c.
506 2847 539 2895 32
559 2841 640 2895 Mitte
665 2841 723 2895 und
777 2840 906 2910 Stellnng
928 2856 984 2895 von
1006 2844 1106 2906 noni,
1127 2845 1140 2893 1
1164 2858 1200 2894 zu
1217 2857 1275 2896 non
1293 2859 1341 2897 ve-

162 2928 185 2965 o.
201 2918 234 2966 33
254 2928 344 2981 gegen
357 2911 493 2967 Ende-
514 2919 538 2966 2.
558 2915 723 2980 quantum
776 2913 874 2966 berem.
898 2942 932 2951 -
959 2913 1057 2965 natos
1086 2910 1163 2965 wohl
1185 2915 1342 2982 pregnans:

162 3013 196 3021 -
214 2983 326 3051 possit
343 2978 377 3021 -“
396 2982 523 3037 afferat
542 3013 576 3022 -
594 2981 722 3052 potuit:
776 2983 900 3052 geboren
917 2982 976 3035 und
994 2981 1216 3051 aufgewachsen.
1244 2983 1342 3054 Vergl.

161 3053 284 3122 Beiapiel
302 3071 351 3107 zur
364 3053 454 3107 bebio
472 3069 527 3107 von
547 3053 596 3107 der
610 3053 722 3108 Censeo.
779 3059 803 3120 7,
813 3060 847 3108 37
861 3053 980 3122 imperio
989 3056 1078 3108 natos.
1097 3052 1341 3110 WelcherUnter·

159 3125 259 3192 temp.;
275 3126 352 3178 sonet
365 3123 475 3178 wirdin
489 3124 603 3178 solchen
613 3123 722 3192 Sdtzen,
777 3124 874 3178 schied
892 3123 1028 3179 zwischen
1049 3122 1151 3178 beiden
1165 3122 1293 3179 Stellen?
1308 3156 1340 3166 -

161 3193 208 3248 die
225 3210 280 3248 von
304 3194 395 3262 ciuem
417 3194 514 3248 histor.
534 3195 655 3262 Tempus
675 3195 722 3249 ab·
777 3198 947 3262 quaerunt
961 3226 994 3233 -ss
1009 3193 1200 3264 reperiunt:
1219 3213 1242 3249 s.
1257 3201 1283 3263 1,
1298 3201 1341 3265 50,

160 3263 285 3333 h‘angen,
309 3265 381 3319 auch
403 3281 486 3318 wenn
509 3264 549 3319 sie
573 3265 654 3319 einen
672 3265 723 3319 nll-
776 3271 802 3318 4.
839 3266 904 3335 Vgl.
932 3265 1063 3334 dhrigena
1094 3283 1128 3319 zu
1156 3264 1205 3319 der
1232 3281 1351 3336 gamen,

161 3335 308 3456 gemeinen
330 3335 375 3388 fiir
398 3334 454 3389 alle
473 3335 569 3389 Zeiten
594 3335 722 3404 gultigen
778 3335 962 3405 Schilderung
984 3352 1039 3390 von
1060 3338 1138 3390 hans
1155 3335 1286 3391 Rhenum
1304 3355 1341 3392 an

187 3404 314 3458 edanken
350 3405 509 3474 enthalten,
545 3405 722 3475 gewdhnlieh
777 3406 827 3460 dus
846 3425 880 3460 zu
895 3412 919 3475 5,
933 3413 967 3460 40
981 3407 1038 3461 und
1051 3412 1086 3462 48
1100 3405 1164 3460 Ani.
1179 3406 1339 3463 Bemerkte.

161 3475 210 3528 der
233 3473 378 3544 Conjunet.
404 3475 517 3544 Impelf.
545 3477 659 3546 geseizt.
688 3508 722 3516 -
777 3508 811 3516 -
836 3484 860 3532 8.
883 3479 1009 3546 Atque:
1037 3480 1126 3532 etwas
1151 3476 1340 3548 Wichtigenea

160 3551 185 3599 3.
204 3546 313 3600 modo:
338 3545 409 3600 euch
428 3564 488 3599 nun.
508 3578 541 3586 -
561 3547 721 3603 afferret:
776 3548 964 3617 ankuiipfend‚
983 3549 1020 3602 da
1038 3549 1106 3603 oder
1121 3547 1200 3617 jein.
1216 3579 1249 3588 -
1265 3549 1339 3618 qui-

159 3616 211 3671 wir
227 3616 272 3670 ein
286 3617 403 3671 anderes
413 3617 524 3686 Temp.;
542 3619 629 3688 vergl.
649 3636 672 3673 o.
687 3624 723 3674 34
776 3619 837 3673 bus
864 3617 951 3674 licet
974 3650 1007 3658 —
1033 3618 1340 3676 fortunatissimis:

158 3706 195 3741 zu
218 3687 293 3756 qnod
316 3688 485 3744 defenderet.
508 3720 541 3728 -
567 3697 591 3745 4.
615 3690 721 3745 ultro:
776 3689 853 3744 siche
870 3691 941 3745 dher
959 3690 1004 3744 die
1022 3689 1180 3744 Construct.
1199 3707 1255 3745 von
1272 3690 1341 3747 licet

159 3777 179 3812 a.
199 3764 229 3827 5,
248 3765 332 3826 28,4
354 3777 388 3812 zu
405 3759 502 3814 multis
520 3761 596 3815 ultro
614 3763 666 3816 etc.
687 3791 720 3800 -
776 3767 801 3827 5,
829 3767 876 3830 41,
905 3768 934 3827 6;
972 3761 1018 3815 fiir
1045 3761 1104 3815 den'
1125 3760 1212 3816 Daiiv
1234 3762 1286 3816 hal
1313 3763 1339 3817 d.

159 3835 184 3884 5.
210 3830 358 3900 proximi
380 3830 508 3886 Rheno:
536 3850 557 3887 s.
580 3850 628 3885 aur
651 3831 720 3886 Con·
775 3833 820 3887 W.
835 3834 868 3886 A.
888 3833 941 3887 den
959 3832 1056 3887 Aecus.
1072 3862 1106 3871 —
1122 3837 1150 3886 9.
1168 3832 1342 3903 praesidii

158 3901 254 3956 struet.
276 3909 304 3968 1,
323 3908 366 3971 46,
387 3907 411 3955 1.
431 3933 465 3942 -
489 3919 506 3956 a
525 3903 648 3985 quibus
670 3919 721 3957 re·
775 3904 909 3957 tantum
929 3904 992 3956 est:
1012 3920 1065 3956 nur
1079 3918 1109 3956 so
1128 3901 1229 3972 gering
1242 3903 1281 3986 ist
1293 3903 1340 3958 die

159 3973 720 4125 teritur-rrfati·tenu
773 3973 1091 4113 {reticeant
1110 3990 1340 4100 naua...-n

160 4143 194 4152 -
219 4131 333 4183 supra:
357 4121 444 4169 416.
469 4144 503 4154 -
527 4121 551 4168 6.
570 4113 722 4183 triginta
775 4115 883 4168 besetzt
901 4115 1021 4171 werden.

158 4183 300 4239 milibus
319 4201 492 4254 passuum:
511 4185 638 4240 derselbe
656 4184 720 4240 Abl.
811 4184 877 4254 (lap.
893 4192 935 4240 36.
954 4193 978 4239 1.
993 4187 1025 4240 ln
1040 4186 1131 4240 diesen
1144 4186 1279 4256 langeren
1287 4187 1340 4242 Pe·

158 4254 212 4309 wie
231 4261 259 4322 ὅ,
281 4261 313 4309 13
332 4256 362 4309 in
380 4255 516 4310 Hibernia.
533 4255 650 4311 dimidio
668 4257 720 4309 mi·
774 4255 853 4310 riode
872 4256 948 4310 kann
966 4257 1006 4310 im
1024 4257 1183 4311 Deuischen
1202 4256 1248 4312 die
1263 4257 1341 4313 Saia·

145 4339 215 4390 non·
234 4326 307 4381 dher
320 4325 397 4380 infra
415 4327 541 4382 ndmlioh
560 4327 646 4398 vergl.
666 4343 689 4383 c.
704 4334 719 4382 9
773 4326 850 4396 folge
864 4327 1045 4383 beibehalten
1058 4328 1179 4396 werden,
1196 4346 1249 4383 nur
1263 4331 1340 4385 seiae

132 4407 171 4442 211
186 4395 312 4460 paulurn
330 4415 428 4467 supra.
445 4399 628 4471 -primos
647 4399 725 4456 stehb
777 4416 846 4454 man
861 4415 912 4454 ror
928 4400 1040 4454 nullum
1050 4399 1102 4453 das
1113 4399 1341 4467 Hauptpritdicat
