2804 4778
467 230 830 288 mummwa
1151 233 1238 313 ‚m

60 397 194 458 secunda
211 399 283 457 inita
304 415 372 457 cum
391 395 526 457 solvisset
545 396 650 476 vigilia,
668 399 764 475 prima
782 397 848 458 luce
867 406 978 458 terram
998 400 1094 477 attigit
1117 417 1235 460 omnes-

59 504 120 565 que
143 485 308 546 incolumes
332 503 421 545 naves
444 486 592 563 perduxit.
931 547 934 553 ,

152 571 203 634 24.
240 573 400 634 Subductis
439 573 562 633 navibus
601 572 786 650 concilioque
825 573 974 634 Gallorum
1013 574 1237 636 Samarobrivae

62 671 198 742 peracto,
223 663 302 740 quod
326 681 361 722 eo
385 680 462 721 anno
486 663 669 722 frumentum
697 664 728 720 in
752 660 842 722 Gallia
867 671 990 740 propter
1014 665 1162 723 siccitates
1186 682 1237 724 an·

62 753 180 829 gustius
202 758 389 830 provenerat,
413 760 532 810 coactus
552 759 597 809 est
620 749 705 809 aliter
729 768 762 809 ac
786 749 991 828 superioribus
1014 753 1100 811 annis
1124 754 1237 812 exerci-

62 849 128 898 tum
157 842 192 898 in‘
217 839 351 898 hibernis
383 838 527 899 collocare
556 837 747 915 legionesque
777 840 808 897 in
835 837 937 916 plures
970 840 1103 899 civitates
1136 839 1236 900 distri·

62 927 164 987 buere.
210 927 254 986 Ex
278 926 385 1005 quibus
410 945 498 987 unam
520 929 552 985 in
575 926 705 985 Morinos
734 926 898 985 ducendam
928 925 999 985 Gaio
1025 926 1114 987 Fabio
1138 927 1234 1006 legato
1254 939 1273 987 2

60 1015 153 1094 dedit,
176 1015 299 1075 alteram
321 1017 352 1075 in
370 1015 494 1074 Nervios
514 1014 624 1084 Quinto
644 1013 790 1093 Ciceroni,
808 1017 926 1074 tertiam
945 1016 976 1073 in
994 1014 1122 1075 Esubios
1141 1014 1234 1076 Lucio

62 1103 184 1182 Roscio,
208 1112 342 1181 quartam
365 1105 395 1162 in
419 1101 521 1162 Remis
544 1120 612 1163 cum
635 1101 702 1161 Tito
725 1100 855 1161 Labieno
879 1105 910 1161 in
940 1103 1067 1162 confinio
1091 1103 1236 1163 Trevero-

63 1210 132 1251 rum
154 1191 288 1254 hiemare.
305 1194 404 1270 iussit3
428 1199 490 1250 tres
514 1193 544 1250 in
563 1189 661 1268 Belgis
685 1189 850 1251 collocavit:
874 1190 919 1250 his
942 1190 1074 1251 Marcum
1094 1190 1235 1252 Crassum
1253 1204 1270 1252 3

61 1288 252 1357 quaestorem
283 1289 312 1340 et
341 1278 466 1339 Lucium
496 1278 660 1338 Munatium
690 1277 832 1337 Plancum
860 1287 890 1338 et
917 1278 1022 1339 Gaium
1052 1278 1235 1340 Trebonium

62 1367 175 1446 legatos
207 1369 358 1446 praefecit.
404 1366 500 1427 Unam
534 1366 693 1446 legionem,
724 1384 811 1444 quam
843 1369 977 1445 proxime
1008 1375 1091 1427 trans
1122 1367 1273 1428 Padum4

64 1458 293 1534 conscripserat,
317 1466 346 1516 et
369 1455 508 1516 cohortes
531 1457 662 1533 quinque
685 1456 716 1514 in
740 1453 910 1535 Eburones,
935 1473 1062 1532 quorum
1084 1473 1153 1534 pars
1176 1474 1237 1516 ma-

62 1546 141 1603 xima
165 1553 211 1604 est
233 1547 312 1605 inter
334 1544 445 1604 Mosam
469 1562 502 1603 ac
525 1543 676 1621 Rhenum,
704 1545 755 1620 qui
779 1542 833 1603 sub
857 1544 982 1621 imperio
1005 1542 1182 1622 Ambiorigis
1206 1555 1238 1604 et

63 1624 215 1692 Catuvolci
238 1642 335 1712 erant,
357 1634 447 1692 misit.
492 1631 546 1691 His
572 1630 715 1691 militibus
744 1630 888 1700 Quintum
916 1630 1064 1691 Titurium
1093 1631 1273 1692 Sabinumt

63 1729 94 1780 et
116 1718 242 1780 Lucium
265 1720 499 1781 Aurunculeium
523 1719 638 1780 Cottam
660 1719 771 1797 legatos
795 1737 933 1797 praeesse
956 1721 1052 1779 iussit.
1088 1719 1132 1778 Ad
1156 1719 1272 1780 hunct

63 1808 184 1868 modum
215 1808 383 1869 distributis
413 1806 579 1886 legionibus
609 1807 746 1867 facillime
780 1809 896 1886 inopiae
927 1807 1137 1867 frumentariae
1169 1826 1236 1868 sese

64 1895 177 1956 mederi
200 1915 288 1974 posse
312 1898 497 1956 existimavit.
543 1895 639 1973 Atque
667 1894 773 1953 harum
800 1902 899 1954 tamen
928 1895 1060 1953 omnium
1086 1893 1272 1972 legionumr

63 1982 188 2043 hiberna
206 1992 326 2062 praeter
344 2003 418 2064 eam,
437 2000 525 2060 quarn
543 1980 636 2041 Lucio
654 1981 761 2041 Roscio
781 1983 812 2040 in
829 1982 1047 2061 pacatissimam
1066 1989 1096 2040 et
1116 1984 1237 2059 quietis-

64 2073 170 2130 simam
197 2080 313 2150 partem
342 2071 508 2132 ducendam
536 2069 671 2147 dederat,
698 2067 818 2128 milibus
845 2086 987 2148 passuum
1018 2077 1137 2129 centum
1168 2089 1237 2131 con·

65 2158 245 2219 tinebantur.
298 2159 365 2238 lpse
404 2154 534 2237 interea,
567 2157 662 2236 quoad
701 2156 833 2234 legiones
871 2156 1027 2217 collocatas
1064 2158 1274 2236 munitaque8

67 2244 191 2304 hiberna
214 2249 410 2326 cognovisset,
432 2248 468 2308 in
488 2244 579 2305 Gallia
601 2247 711 2304 morari
734 2247 897 2306 constituit.

155 2330 206 2393 25.
238 2333 310 2394 Erat
338 2337 370 2393 in
394 2332 573 2394 Carnutibus
602 2351 716 2399 summo
745 2332 810 2392 loco
838 2343 926 2394 natus
955 2333 1124 2414 Tasgetius,
1151 2334 1238 2394 cuius

64 2423 191 2480 maiores
214 2423 246 2481 in
270 2440 323 2483 sua
341 2424 458 2482 civitate
481 2439 607 2500 regnum
630 2420 829 2482 obtinuerant.
870 2421 946 2482 Huic
967 2421 1074 2481 Caesar
1096 2440 1152 2501 pro
1172 2424 1238 2483 eius
1256 2431 1274 2478 2

63 2511 174 2569 virtute
199 2518 286 2588 atque
310 2513 341 2571 in
365 2529 397 2570 se
421 2510 638 2590 benevolentia,
667 2509 745 2595 quod
769 2510 800 2569 in
824 2509 962 2570 omnibus
985 2508 1070 2569 bellis
1093 2511 1246 2589 singulari.

63 2715 117 2767 etc.
154 2714 375 2768 -1secunda
412 2746 445 2754 -
483 2714 623 2784 vigilia,
677 2732 712 2767 zu
731 2713 795 2767 dem
813 2714 1060 2783 vorhergehenden
1079 2713 1167 2768 durch
1193 2714 1239 2768 die

63 2783 185 2852 prima:
209 2785 297 2838 worin
318 2785 370 2838 hat
393 2784 439 2839 die
461 2779 623 2839 Voranstel·
676 2784 886 2852 Uebersetzung
909 2784 1045 2851 deutlich3
1072 2785 1129 2853 vgl.
1154 2801 1177 2841 c.
1205 2790 1238 2838 15

63 2855 134 2922 lung
151 2871 206 2908 von
225 2855 347 2909 secunda
364 2855 445 2909 ihren
460 2855 573 2910 Grandi
588 2885 621 2894 —-
677 2873 712 2907 zu
731 2854 902 2922 duabusque.
922 2885 956 2893 -
976 2861 1000 2909 2.
1019 2854 1054 2907 in
1071 2854 1238 2909 Morinos:

63 2923 155 2978 inita
173 2925 264 2979 libers.
283 2926 356 2979 nach
375 2932 404 2993 1,
423 2931 456 2978 22
480 2943 514 2978 zu
531 2925 623 2993 prima
677 2924 754 2978 siehe
780 2930 807 2991 1,
828 2930 842 2976 1
867 2943 902 2978 zu
920 2924 1033 2992 Belgae.
1053 2955 1086 2964 -
1111 2924 1239 2990 Quinto

63 2994 133 3048 luce.
154 3025 188 3034 -
207 3013 293 3049 cum:
311 2995 391 3050 nicht
409 2995 623 3064 „da“.-per-
679 2993 850 3048 Ciceroni:
883 2993 942 3049 dies
969 3011 1028 3049 war
1057 2995 1106 3049 der
1132 2995 1240 3050 Bruder

63 3064 174 3118 duxit:
197 3067 287 3120 ubere.
307 3067 380 3120 auch
398 3067 492 3136 „per“.
528 3065 623 3135 Vergl.

63 3142 89 3205 4,
108 3141 142 3189 20
160 3154 194 3189 zu
211 3136 405 3206 perspexisset.

62 3347 110 3402 IV.
129 3347 186 3402 Der
203 3348 300 3402 Abfall
322 3348 372 3402 der
390 3347 541 3402 Eburonen
562 3343 623 3402 'und

62 3435 113 3490 der
126 3437 292 3506 Untergang
306 3437 355 3490 der
370 3441 402 3490 15
419 3436 559 3491 Cohorten
574 3436 622 3491 des

194 3523 314 3578 Sabinus
331 3524 389 3577 und
408 3522 496 3578 Cotta.

252 3630 438 3698 (emam

101 3734 167 3804 Cap.
200 3741 244 3788 24.
279 3740 303 3788 1.
336 3734 541 3789 Subductis:
573 3735 624 3790 das

63 3805 233 3874 Gegentbeil
256 3820 311 3858 von
335 3804 487 3860 subducere
510 3807 565 3860 ist?
590 3835 623 3846 -

63 3876 259 3930 siccitates:
286 3875 341 3929 den
359 3875 455 3929 Plural
472 3876 532 3930 sibe.
551 3877 625 3930 nach

66 3954 148 4016 1,16
172 3965 206 4000 au
228 3945 342 4015 frigora.
369 3976 402 3987 -
429 3948 623 4016 angustius:

64 4036 99 4072 au
125 4016 262 4087 ep‘atrlich,
291 4016 443 4084 spbrlicher
468 4019 510 4072 als
536 4020 622 4074 sonet.

63 4118 97 4128 -
119 4090 262 4142 coactus
283 4088 339 4141 est
360 4087 453 4142 iibere.
472 4089 545 4143 nach
564 4096 622 4144 cl

64 4177 98 4212 zu
123 4159 316 4212 commoratus.
343 4189 377 4198 —
404 4157 439 4210 in
464 4159 623 4214 hibernis

62 4229 251 4284 collocare:
283 4227 407 4298 Beispiel
438 4248 472 4283 zu
502 4230 624 4286 vt'elcher

678 3064 726 3120 des
735 3065 901 3119 beriihmten
909 3064 1043 3121 Reduers.
1053 3077 1089 3105 -·
1103 3073 1128 3120 4.
1140 3084 1240 3134 quam

563 3160 567 3171 .
678 3167 712 3175 -
736 3136 1010 3205 conscripserat:
1044 3143 1178 3203 s.1‚19.
1203 3168 1237 3177 -

678 3206 748 3273 qui:
775 3206 833 3259 und
860 3206 914 3261 die.
951 3207 1069 3262 Warum
1097 3209 1169 3263 fehlt
1192 3209 1239 3263 die

678 3276 797 3345 copula?
821 3283 926 3344 s.1,1
955 3296 989 3330 zu
1008 3279 1058 3346 qui
1076 3281 1238 3348 -gerunt

677 3378 710 3386 -
731 3353 754 3401 7.
773 3348 899 3401 tamen:
925 3348 1056 3418 obgleich
1075 3349 1120 3403 die
1137 3349 1238 3419 Legio·

676 3433 731 3471 nen
750 3433 780 3472 so
793 3419 931 3486 'getrennt
944 3436 1047 3474 waren.
1064 3450 1097 3458 -
1117 3419 1238 3474 ducen-

677 3487 752 3542 dam
771 3487 929 3543 dederat:
956 3488 1002 3543 fitr
1019 3489 1126 3544 welche
1144 3490 1237 3561 Regel

677 3557 723 3612 ein
740 3557 882 3627 Beispiel?
897 3590 930 3599 -
949 3559 1089 3614 milibus
1105 3590 1139 3600 -
1159 3577 1238 3615 con-

676 3628 894 3684 tinebantur:
927 3630 1006 3684 nicht
1032 3631 1072 3685 im
1099 3630 1238 3699 Umkreis‚

678 3699 798 3754 sondern
824 3700 855 3754 in
882 3700 931 3754 der
957 3701 1067 3770 Lange,
1094 3701 1145 3755 der
1167 3702 1239 3755 Aus-
1328 3714 1331 3721 '

678 3769 811 3838 dehnung
842 3771 926 3838 nach3
960 3771 1175 3827 continebantur
1202 3795 1237 3815 =

678 3840 873 3909 iungebantur.
888 3871 924 3880 -
938 3844 962 3895 8.
983 3841 1143 3909 quoad-
1163 3856 1239 3909 cog-

677 3911 844 3966 novisset:
875 3910 998 3980 Beispiel
1024 3911 1069 3964 fiir
1096 3910 1141 3964 die
1166 3909 1239 3965 Con·

679 3981 817 4036 struction
835 3997 891 4035 von
909 3980 1015 4050 quoad,
1034 3998 1055 4035 s.
1071 3987 1096 4048 4,
1112 3981 1238 4036 rilinde

677 4053 736 4106 und
756 4059 780 4120 1,
800 4057 824 4119 7,
844 4058 860 4105 6
879 4069 913 4105 zu
931 4051 1005 4123 dum.

714 4157 781 4226 Cap.
807 4161 850 4211 25.
880 4162 904 4209 1.
931 4144 1058 4210 summo
1084 4156 1160 4211 loco
1177 4173 1238 4210 na-

677 4230 746 4282 tus:
764 4243 820 4281 von
834 4226 897 4280 sehr
909 4227 1076 4282 vornehmer
1089 4226 1238 4282 Herkunft.

63 4299 170 4368 Regel?
214 4331 248 4340 -
289 4296 520 4368 legionesque
556 4302 623 4356 etc:
678 4328 711 4336 —
738 4297 1238 4367 2.insebenevolentia:·vgl.

63 4369 408 4425 machedasVerh‘altniss
422 4369 513 4426 dieses
528 4371 623 4426 Satzes
678 4386 712 4422 zu
732 4375 757 4437 1,
776 4373 809 4422 19
830 4366 934 4424 Caesar
950 4399 985 4408 -
1004 4385 1155 4423 summam
1162 4369 1206 4418 ἰιι
1218 4383 1255 4416 ee

119 4466 214 4508 cusan
226 4479 260 4508 nn
270 4468 294 4509 'n
309 4477 381 4510 anna
1012 4461 1050 4509 iu
