2804 4778
500 233 567 286 nie.
585 233 619 287 v.
648 232 725 287 one.
745 240 840 288 o-rr.
1197 238 1260 302 135

86 400 249 481 ignorabat,
268 407 298 459 et
316 399 396 477 quod
414 417 518 477 magna
541 408 624 478 parte
645 400 704 460 diei
722 409 897 481 consumpta
915 404 1074 463 munitioni
1093 414 1260 466 castrorum

86 500 205 569 tempus
228 489 357 566 relinqui
380 486 503 548 volebat.

178 574 227 638 10.
251 576 397 636 Postridie
421 579 486 635 eius
510 576 568 636 diei
596 595 681 636 mane
710 579 859 656 tripertito
890 579 997 639 milites
1029 583 1204 659 equitesque
1228 584 1259 642 in

87 666 306 747 expeditionem
329 666 418 745 misit,
440 673 473 725 ut
496 683 557 745 coe,
581 667 632 743 qui
655 666 800 744 fugerant,
823 678 1086 745 persequerentur.
1132 668 1185 729 His
1208 670 1293 730 ali-2

89 763 233 835 quantum
256 755 373 814 itineris
395 756 572 832 progressis,
595 771 663 814 cum
685 757 744 814 iam
762 757 888 814 extremi
911 765 1012 816 essent
1034 760 1065 816 in
1088 768 1259 838 prospectu,

88 846 205 923 equites
229 862 245 902 a
265 842 375 912 Quinto
394 842 476 901 Atrio
498 840 533 900 ad
554 840 710 902 Caesarem
728 851 884 924 venerunt,
903 846 954 922 qui
972 848 1152 927 nuntiarent,
1172 866 1258 926 supe·

87 936 166 992 riore
190 939 278 991 nocte
302 933 428 989 maxima'
451 939 551 990 coorta
572 939 745 1009 tempestate
774 950 866 1011 prope
896 951 999 993 omnes
1023 952 1111 994 naves
1135 934 1259 996 alssictas

87 1030 176 1100 atque
204 1023 234 1079 in
262 1020 349 1079 litore
376 1021 486 1079 eiectas
514 1036 594 1100 esse,
624 1019 704 1098 qnod
734 1038 831 1099 neque
859 1039 984 1081 ancorae
1015 1023 1161 1102 funesque
1190 1024 1258 1084 sub-

44 1135 47 1140 ·
86 1113 235 1190 sisterent,
259 1126 356 1186 neque
380 1116 487 1168 nautae
511 1107 785 1187 gubernatoresque
813 1111 872 1169 vim
901 1113 1085 1189 tempestatis
1107 1115 1168 1190 pati
1190 1132 1257 1191 pos·

86 1206 166 1259 sent:
195 1200 295 1276 itaque
319 1215 356 1256 cx
383 1214 418 1255 eo
449 1214 599 1257 concursu
626 1198 744 1256 navium
774 1216 913 1275 magnum
943 1217 1008 1259 esse
1039 1201 1258 1261 incommodum

86 1295 248 1367 acceptum.

177 1373 227 1434 11.
251 1373 305 1433 llis
328 1372 419 1434 rebus
443 1376 568 1452 cognitis
592 1373 700 1434 Caesar
722 1374 854 1454 legiones
877 1378 1101 1455 equitatumque
1125 1381 1258 1438 revocari

87 1472 176 1543 atque
198 1467 230 1523 in
257 1465 364 1523 itinere
393 1465 533 1523 resistere
557 1462 653 1544 iubet,
681 1465 745 1542 ipse
772 1463 809 1523 ad
836 1481 925 1524 naves
953 1468 1127 1545 revertitur3
1156 1467 1292 1527 eadem2

88 1554 160 1632 sere,
184 1570 259 1631 quae
278 1571 315 1611 ex
337 1553 451 1611 nuntiis
473 1551 640 1630 litterisque
665 1561 851 1634 cognoverat,
870 1571 970 1613 coram
988 1557 1139 1635 perspicit,
1163 1558 1206 1616 sic
1224 1565 1258 1616 ut

88 1642 203 1701 amissis
236 1642 356 1701 circiter
385 1639 435 1699 XL
466 1639 589 1701 navibus
621 1641 752 1719 reliquae
786 1649 884 1701 tamen
916 1643 1001 1702 refici
1031 1662 1119 1722 posse
1151 1663 1258 1723 magno

86 1732 205 1808 negotio
228 1729 409 1807 viderentur.
452 1729 555 1807 Itaque
579 1747 615 1788 ex
638 1728 805 1808 legionibus
829 1730 928 1790 fabros
951 1730 1053 1809 deligit
1076 1740 1105 1792 et
1129 1751 1165 1792 ex
1188 1751 1257 1793 con·
1276 1749 1292 1795 3

86 1820 193 1879 tinenti
212 1817 285 1876 alios
304 1820 415 1877 arcessi
433 1817 528 1897 iubet3
547 1815 676 1878 Labieno
696 1817 808 1898 scribit,
827 1827 868 1898 ut,
883 1837 972 1897 quam
990 1819 1132 1897 plurimas
1146 1829 1257 1902 posset,
1275 1836 1293 1883 4

83 1909 122 1966 iis
144 1905 319 1986 legionibus,
343 1923 418 1984 quae
442 1915 511 1966 sunt
535 1905 611 1985 apud
636 1924 713 1986 eum,
736 1925 825 1966 naves
848 1909 992 1967 instituat.
1030 1907 1104 1988 lpse,
1128 1911 1185 1969 etsi
1208 1925 1292 1972 reso

84 2004 148 2054 erat
171 1994 280 2055 multae
304 2011 411 2072 operae
435 2012 468 2054 ac
492 1993 614 2073 laboris,
637 2002 736 2054 tamen
764 1994 1036 2055 commodissimum
1063 2014 1128 2056 esse
1153 1999 1256 2057 statuit

122 2201 188 2268 Cap.
214 2206 255 2253 10.
284 2204 308 2253 1.
332 2199 464 2253 milites
492 2199 644 2268 equites·
699 2199 809 2269 gleiche
825 2209 848 2268 1,
865 2206 897 2254 18
913 2220 947 2256 zu
961 2201 1111 2256 concilium
1130 2202 1257 2273 dimittit,

87 2287 165 2338 que:
193 2269 334 2324 nattirlioh
361 2269 440 2325 nicht
467 2271 645 2325 sitmmtliche
699 2271 811 2326 Liscum
826 2273 936 2328 retinet.
951 2273 1043 2327 Ueber
1057 2273 1257 2330 dasnwischen

86 2341 234 2409 Soracten,
262 2341 335 2394 denn
359 2343 437 2395 sonst
461 2347 536 2395 wttre
560 2341 645 2396 O'asar
697 2344 849 2397 revertitur
864 2361 890 2399 u.
904 2344 1039 2413 perspicit
1057 2345 1256 2401 atettfindende

86 2412 172 2466 allein
189 2412 229 2465 im
244 2411 335 2480 hager
353 2411 509 2480 geblieben.
526 2444 558 2454 —
574 2429 643 2481 eos,
698 2414 862 2482 Asyndeton
879 2416 956 2469 siehe
976 2422 1006 2483 4,
1024 2422 1067 2470 27.
1088 2447 1120 2456 -
1140 2417 1211 2471 fere
1235 2435 1255 2474 s.

85 2483 143 2552 qui
166 2482 331 2553 fugerant
357 2483 449 2537 obers.
477 2483 550 2537 nach
575 2491 604 2552 1,
627 2490 643 2538 8
698 2492 722 2552 b,
742 2491 785 2554 53,
806 2491 823 2538 4
846 2504 881 2539 nu
904 2485 929 2539 d.
949 2485 995 2540 W.
1014 2519 1047 2526 —
1072 2493 1097 2540 2.
1120 2488 1256 2557 perspi·

84 2573 119 2608 zu
133 2569 217 2622 quem
228 2585 260 2593 -
272 2553 463 2608 constituerat.
478 2586 512 2594 —
527 2571 643 2622 perse·
698 2557 759 2623 cit,
775 2557 822 2610 sic
838 2557 969 2624 (welches
984 2557 1043 2612 sich
1057 2558 1108 2612 aul
1119 2559 1174 2613 den
1188 2574 1255 2627 gen·

84 2627 285 2693 querentur:
321 2625 452 2694 persequi
486 2626 577 2681 heisst
612 2643 642 2680 es
696 2642 747 2680 zen
779 2627 1027 2698 vorhergehenden
1059 2628 1139 2696 Satn,
1177 2629 1257 2683 nicht

84 2696 157 2765 hier,
175 2697 255 2751 nicht
272 2694 326 2750 wie
344 2713 368 2752 c.
388 2702 403 2749 9
423 2697 566 2764 prosequi;
586 2713 641 2751 we·
696 2698 758 2752 blos
777 2698 827 2751 oui
848 2697 984 2767 perspicit
1007 2699 1142 2767 bezieht),
1165 2701 1202 2752 ut
1221 2731 1255 2739 —

84 2773 163 2821 rum?
201 2767 322 2821 Beochte
341 2766 641 2837 ettingientesu.
696 2767 901 2822 viderentur
932 2768 990 2822 nnd
1021 2769 1061 2822 im
1092 2769 1255 2840 Folgenden

84 2838 228 2904 hiereos,
243 2837 292 2906 qui
306 2838 562 2906 fugerent—2.
578 2839 645 2892 ali·v
698 2838 833 2906 scribit,
865 2841 904 2893 ut-
935 2855 1034 2908 quem
1062 2870 1096 2880 -
1124 2843 1255 2909 posset,

83 2911 260 2977 quantum:
285 2907 361 2961 siehe
384 2909 454 2962 tiber
472 2908 517 2962 die
537 2909 642 2963 Bedeu·
696 2909 867 2963 instituet
908 2910 999 2979 geben
1034 2910 1172 2980 Beispiele
1208 2931 1256 2966 zur

82 2982 155 3048 tnng
181 2985 207 3046 3,
236 2984 278 3032 13.
296 3009 335 3023 ,-
364 2981 482 3033 essent
507 2979 542 3032 in
568 2996 643 3049 pro·
697 2980 788 3034 Lehne
810 2996 867 3034 von
889 2980 938 3034 der
957 2979 1122 3036 Consecutio
1146 2983 1255 3051 tempo-

83 3050 216 3117 spectn:
241 3065 297 3103 von
320 3049 399 3103 ferne
424 3050 546 3118 genehen
570 3068 641 3105 wur·
694 3068 764 3106 rum.
788 3081 821 3090 -
846 3053 960 3106 temen
987 3052 1026 3106 ist
1052 3059 1076 3121 1,
1101 3059 1145 3120 32,
1170 3060 1188 3107 4
1213 3070 1255 3108 er·

83 3121 190 3174 den-
205 3120 264 3188 qui
282 3119 484 3174 nuntiarent
497 3120 641 3176 uberante:
695 3121 779 3175 kltrt.
801 3152 837 3162 —-
863 3123 965 3177 refici
989 3125 1049 3178 fibo.
1075 3125 1148 3177 nach
1168 3130 1192 3192 1,
1212 3131 1255 3192 44,

82 3191 171 3245 durch
188 3190 366 3260 Prepesition
387 3192 444 3245 und
469 3192 640 3247 Substantiw.
696 3198 729 3246 13
758 3210 791 3246 zu
818 3193 887 3262 geri.
915 3224 950 3233 -
982 3201 1008 3250 3.
1039 3193 1172 3250 fabros:
1209 3195 1256 3250 bei

83 3293 116 3301 —
132 3262 166 3315 in
184 3262 303 3317 litore:
321 3279 428 3316 warum
442 3262 492 3317 der
505 3263 568 3319 Abi.
584 3263 642 3317 und
693 3263 773 3333 jeder
791 3263 897 3333 Legion
918 3264 1022 3319 befand
1041 3265 1101 3320 sich
1119 3265 1180 3320 eine
1198 3267 1254 3320 An-

83 3333 164 3387 nieht
180 3333 211 3386 in
228 3332 309 3398 litus,
332 3332 371 3386 ist
393 3334 481 3388 leicht
497 3351 532 3388 nn
550 3333 641 3389 erkltt-
695 3334 759 3388 zahl
776 3334 952 3404 Werkleute‚
976 3336 1105 3391 Arbeiter
1122 3335 1152 3390 in
1170 3337 1255 3392 Eisen

81 3422 140 3458 ren.
160 3435 193 3444 -
213 3404 458 3458 subsisterent:
482 3405 641 3474 subsistere,
695 3405 754 3459 und
779 3405 861 3474 Holz,
885 3406 991 3461 welche
1013 3409 1095 3462 unter
1117 3408 1180 3463 dem
1203 3408 1254 3463 Be-

83 3475 239 3530 feststehen
255 3493 285 3530 u.
302 3475 413 3540 hulten:
432 3476 483 3529 wir
497 3475 543 3530 ein
557 3477 640 3531 ande·
693 3475 770 3530 fehle
794 3476 843 3530 des
868 3477 1026 3546 praefectus
1050 3478 1161 3533 fabrum
1180 3481 1254 3534 sten-

82 3563 126 3600 res
144 3546 254 3614 Temp,
273 3561 379 3598 warum
402 3546 452 3600 der
470 3547 572 3601 Rdmer
590 3547 640 3602 des
695 3546 756 3601 den.
784 3547 860 3601 Weil
878 3547 946 3602 eber
964 3547 1040 3603 diese
1056 3550 1167 3604 Anzohl
1182 3551 1254 3620 jetzt

82 3615 212 3685 Impert?
248 3615 403 3670 Aehnliche
429 3616 597 3685 Imperfecte
616 3623 640 3686 1,
694 3617 739 3671 fiir
766 3616 812 3671 die
839 3619 1050 3688 Ausbesserung
1077 3620 1127 3674 der
1150 3620 1253 3676 Schiffe

82 3693 118 3741 40
138 3686 329 3750 sublevarem
349 3693 374 3751 2,
395 3691 429 3739 14
447 3687 579 3742 dicerent.
694 3688 773 3743 nicht
785 3687 904 3757 reichte‚
920 3706 950 3744 so
964 3691 1069 3745 wnhlte
1084 3690 1170 3745 Cdser
1183 3692 1254 3745 dazu

119 3757 185 3826 Cap.
206 3763 247 3810 11.
272 3763 295 3811 1.
315 3758 486 3812 revocari:
509 3775 565 3813 von
591 3759 641 3814 der
693 3759 766 3813 noch
784 3760 887 3815 endere
905 3761 994 3816 Lente
1011 3777 1061 3815 eus
1081 3761 1136 3815 den
1154 3761 1254 3832 Legio·

82 3828 258 3898 Verfolgung
275 3828 324 3882 des
343 3827 469 3882 Peindes.
484 3859 518 3868 —
537 3831 639 3898 atque
693 3847 748 3884 nen
770 3846 834 3897 aus,
858 3830 903 3885 die
928 3831 1060 3901 geeignet
1077 3848 1182 3900 waren,
1207 3833 1253 3892 ein

82 3899 118 3953 in
135 3899 265 3953 itinere
283 3897 463 3954 resistere:
486 3899 566 3954 nicht
583 3900 642 3955 also
697 3900 786 3956 Schiff
800 3903 1006 3956 ausanbessern.
1027 3932 1060 3941 -
1084 3908 1108 3954 4.
1128 3902 1253 3957 Labie·

82 3970 126 4025 bis
156 3969 200 4025 ins
226 3969 318 4039 Lege:
345 3969 553 4040 nuriickgehen,
581 3987 642 4025 son·
695 3988 749 4026 no:
769 3973 845 4026 siehe
863 3973 932 4027 iiber
949 3972 998 4026 ihn
1018 3989 1041 4026 c.
1060 3977 1085 4027 8.
1104 4002 1139 4011 —
1163 3989 1253 4041 qnae

82 4041 153 4096 dern
180 4057 217 4094 on
244 4041 309 4096 dem
334 4040 401 4094 Orte
428 4041 498 4096 Holt
524 4041 643 4096 machon
696 4045 776 4098 sunt
797 4043 885 4112 apud
908 4059 982 4097 eum
1009 4043 1181 4098 umschreibt
1207 4044 1253 4099 ein

83 4111 142 4166 und
168 4112 295 4177 bleiben,
327 4128 370 4165 wo
399 4113 440 4168 sie
467 4112 516 4169 der
542 4112 643 4168 Befehl
695 4113 841 4182 Arijectim
865 4114 947 4166 echte
966 4112 1017 4166 aul
1038 4113 1091 4168 den
1114 4114 1253 4169 Indicetir

81 4183 145 4237 tras.
187 4182 240 4236 Die
264 4182 308 4236 W.
327 4183 360 4237 A.
388 4183 439 4237 het
465 4183 567 4238 itinere
594 4184 642 4238 de—
696 4185 762 4236 sunt
777 4183 916 4238 :wischen
929 4181 1143 4254 Oonjunctiven,
1161 4205 1181 4240 s.
1196 4192 1253 4252 at

82 4254 193 4308 sistere:
212 4271 278 4309 vom
296 4254 424 4308 Marsche
443 4255 642 4310 landeinwltrts
695 4271 729 4307 zu
751 4253 940 4322 appellantur:
965 4254 1015 4308 das
1036 4255 1155 4310 Pritsens
1178 4257 1254 4311 steht

84 4324 262 4379 abnostehen.
292 4356 325 4364 -
354 4324 428 4394 ipse
455 4326 496 4380 ad
523 4343 642 4381 naves:
696 4341 794 4393 wegen
818 4324 867 4377 der
889 4323 1074 4380 historischen
1092 4327 1253 4382 Praesentia

82 4395 188 4450 welche
213 4397 265 4450 Ant
288 4396 336 4450 des
361 4396 538 4464 Asyndeton?
575 4396 642 4451 Ver·
696 4395 746 4452 des
772 4411 884 4468 genuen
896 4393 1011 4453 batres.
1026 4427 1061 4436 -
1081 4404 1116 4450 h.
1133 4397 1273 4447 munnae
