2804 4778
99 231 100 234 ¹
151 228 218 292 250
315 264 318 270 ·
557 225 605 279 Du
623 223 741 279 BELLO
760 223 916 278 alnaldo

147 396 282 455 nuntiata
306 392 412 452 Caesar
446 410 533 451 suuni
563 409 681 469 quoqne
705 391 868 468 equitatum
897 392 1046 468 tripertito
1071 389 1199 450 divisum
1224 399 1334 451 contra

113 481 264 545 chostem
296 484 340 540 ire
356 501 359 506 ·
373 480 464 540 iubet.
516 480 668 558 Pugnatur
697 496 755 538 una
783 477 920 538 omnibns
948 481 979 537 in
1008 477 1156 558 partibus3
1189 481 1334 540 consistit

113 584 266 651 tagmen3
293 569 504 648 impedimenta
533 571 611 628 intra
638 567 769 645 legiones
799 568 994 645 recipiuntur.
1042 566 1073 627 Si
1103 570 1214 645 quain
1243 575 1333 646 parte

148 661 244 720 nostri
276 657 411 718 laborare
445 666 496 717 aut
528 658 646 735 gravius
678 658 774 734 premi
806 654 996 736 videbantur,
1033 674 1068 715 eo
1101 658 1184 734 signa
1221 657 1333 716 inferri

149 748 257 808 Caesar
286 749 438 824 aciemque
468 747 611 806 constitui
644 743 777 804 iubebat:
809 762 884 821 quae
915 762 964 804 res
995 753 1025 804 et
1054 744 1156 804 hostes
1184 744 1221 804 ad
1249 746 1331 805 inse·

113 836 301 915 oquendum
324 834 460 896 tardabat
482 842 512 893 et
535 841 654 894 nostros
678 851 730 911 spe
754 831 855 893 auxilii
878 832 1079 893 confirmabat.
1107 833 1239 893 Tandem
1256 832 1331 893 Ger-

148 927 227 985 mani
258 924 294 984 ab
318 924 422 984 dextro
453 923 544 983 latere
569 939 718 982 summum
746 923 848 998 iugum
877 924 978 983 nancti
1005 921 1106 981 hostes
1134 922 1199 981 loco
1228 921 1330 1002 depel-

145 1009 226 1094 lunt,
249 1013 398 1091 fugientes
421 1028 516 1089 usque
541 1009 576 1070 ad
604 1009 728 1090 llumcn,
755 1008 807 1069 ubi
830 1009 1053 1087 Vercingetorix
1086 1028 1153 1070 cum
1180 1009 1329 1089 pedestri-

148 1100 205 1162 bus
243 1103 336 1180 copiis
373 1099 570 1179 consederat,
606 1105 830 1177 persequuntur
867 1098 1094 1178 compluresque
1132 1098 1329 1159 interficiunt.

113 1203 130 1251 6
149 1190 213 1260 Qua
232 1208 264 1250 re
284 1188 487 1249 animadversa
505 1187 627 1267 reliqui,
651 1205 687 1246 ne
707 1189 951 1267 circumirentur,
976 1190 1061 1248 veriti
1085 1206 1117 1248 se
1137 1188 1224 1266 lugae
1245 1206 1329 1248 man-

114 1278 228 1339 udant.
282 1277 427 1337 Omnibus
457 1276 530 1336 locis
566 1277 599 1336 fit
634 1276 747 1336 caedes.
800 1275 875 1336 Tres
910 1275 1086 1336 nobilissimi
1120 1276 1214 1339 Aedui
1248 1279 1331 1355 capti

151 1367 186 1426 ad
211 1365 368 1425 Caesarem
390 1365 612 1444 perducuntur:
636 1363 741 1445 Cotus,
763 1364 932 1443 praelectus
956 1366 1103 1444 equitum,
1132 1367 1183 1443 qni
1207 1373 1327 1426 contro·

150 1456 276 1514 versiam
308 1472 376 1514 cum
406 1453 628 1513 Convictolitavi
657 1455 800 1531 proximis
829 1455 958 1512 comitiis
987 1452 1143 1533 habuerat,
1174 1461 1205 1513 et
1237 1453 1326 1513 Cava·

151 1543 249 1623 rilluS,
273 1545 325 1621 qui
348 1551 416 1621 post
441 1542 639 1602 delectionem
653 1540 792 1601 Litavicci
816 1540 1004 1620 pedestribus
1029 1544 1122 1620 copiis
1145 1542 1327 1621 praefuerat,

151 1639 182 1691 et
203 1629 403 1712 Eporedorix,
432 1649 490 1709 quo
521 1630 596 1690 duce
625 1638 693 1689 ante
721 1629 878 1690 adventurn
902 1629 1035 1690 Caesaris
1059 1630 1152 1691 Aedui
1180 1648 1250 1692 cum
1275 1631 1327 1691 Se·

150 1722 256 1798 qnanis
278 1718 356 1779 bello
381 1719 604 1779 contenderant.

239 1823 291 1887 68.
315 1825 427 1904 Fugato
452 1827 532 1885 omni
557 1827 688 1903 equitatu
704 1823 928 1903 Vercingetorix
951 1827 1059 1906 copiaS,
1083 1833 1117 1886 ut
1139 1844 1193 1904 pro
1218 1829 1326 1886 castris

148 1914 358 1995 collocaverat,
382 1913 500 1974 reduxit
523 1915 719 1992 protinusque
743 1913 884 1993 Alesiam,
908 1914 986 1992 quod
1011 1921 1056 1974 est
1079 1913 1221 1993 oppidum
1244 1914 1326 1975 Man-

148 2003 323 2082 dubiorum,
349 2005 407 2062 iter
436 2003 534 2062 facere
563 2004 661 2080 coepit
688 2001 884 2080 celeriterque
913 2003 1123 2081 impedimenta
1153 2021 1189 2063 ex
1218 2006 1327 2064 castris

113 2104 130 2152 2
150 2091 237 2153 educi
256 2099 286 2152 et
310 2110 341 2151 se
366 2091 509 2169 subsequi
532 2092 627 2150 iussit,
660 2089 768 2150 Caesar
786 2090 1005 2168 impedimentis
1023 2093 1054 2150 in
1077 2093 1246 2170 proximum
1265 2092 1326 2152 col-

149 2180 206 2240 lem
231 2179 366 2240 deductis
390 2179 505 2239 duabus
530 2178 696 2257 legionibus
718 2179 866 2257 praesidio
890 2179 1002 2239 relictis
1021 2188 1156 2260 secutuS,
1180 2189 1327 2258 quantum
1362 2227 1372 2244 .

148 2268 208 2328 diei
231 2276 349 2346 tempus
373 2277 419 2328 est
442 2285 576 2347 passum,
600 2269 720 2327 circiter
742 2266 839 2327 tribus
862 2266 981 2328 milibus
1011 2267 1142 2328 hostium
1166 2287 1203 2328 ex
1225 2271 1325 2329 novis·

112 2358 224 2418 asinio
252 2357 366 2434 agmine
396 2356 561 2415 interfectis
591 2354 683 2415 altero
712 2354 759 2416 die
788 2355 822 2415 ad
849 2355 976 2415 Alesiam
1004 2365 1101 2417 castra
1128 2357 1207 2417 iecit.
1253 2357 1326 2417 Per-

149 2452 251 2523 specto
266 2442 350 2503 urbis
366 2446 425 2503 situ
444 2445 673 2521 perterritisque
692 2442 836 2524 hostibus,
856 2445 934 2522 quod
954 2447 1101 2526 equitatu,
1120 2462 1177 2523 qua
1197 2448 1325 2506 maxime

147 2541 231 2611 parte
264 2534 413 2591 exercitus
444 2530 643 2610 confidebant,
677 2540 761 2591 erant
792 2532 884 2612 pulsi,
915 2532 1087 2594 adhortatus
1118 2532 1154 2592 ad
1186 2532 1323 2594 laborem

148 2621 257 2681 milites
281 2620 502 2680 circumvallare
526 2621 662 2679 instituit.
1045 2615 1048 2623 “

147 2826 193 2882 die
207 2827 295 2881 Front
308 2827 358 2881 der
371 2826 474 2880 Rdmcr
492 2842 536 2879 an.
552 2857 584 2864 -
604 2832 628 2879 2.
644 2823 707 2879 tri·
761 2825 915 2880 redorix:
941 2825 987 2881 ein
1012 2827 1129 2881 andcrcr
1154 2827 1196 2880 ala
1220 2828 1272 2881 der
1295 2828 1326 2882 in

146 2898 289 2968 partito:
314 2901 345 2952 in
370 2897 475 2951 diesem
499 2913 708 2966 zusammenge·
761 2897 815 2951 den
834 2896 966 2952 ludheren
984 2895 1070 2966 Capp.
1090 2898 1241 2952 erwdhnte.

147 2971 256 3024 aetaten
280 2970 378 3022 Worto
405 2968 457 3020 hat
483 2967 542 3022 sich
568 2968 618 3021 dar
645 2967 707 3022 eine

147 3039 255 3109 Begriff
275 3038 405 3109 gtnzlich
428 3037 579 3092 vorwischt
601 3038 659 3091 und
677 3054 706 3092 es
796 3037 863 3106 Cap.
892 3044 934 3092 68.
979 3043 1002 3091 1.
1034 3042 1072 3091 ut
1102 3055 1162 3107 pro
1195 3040 1325 3096 castris

147 3111 281 3166 bedentet
300 3108 467 3177 ,‚dreifacb“.
499 3109 610 3164 Ebenso
624 3108 663 3162 ist
677 3126 706 3163 es
758 3108 1013 3172 collocaverat:
1032 3110 1102 3163 aber
1119 3111 1152 3164 ut
1170 3127 1190 3165 a.
1206 3115 1232 3176 ὅ,
1248 3118 1292 3180 43,
1307 3119 1324 3166 ὁ

147 3181 177 3234 in
191 3180 420 3235 dchedensart:
434 3179 582 3233 aedificare
596 3197 705 3234 navem.
761 3198 795 3232 zu
813 3181 845 3232 ut
863 3196 900 3235 so.
920 3210 954 3219 —
973 3179 1138 3246 Alesiam,
1157 3182 1250 3248 quod
1269 3187 1325 3238 est

147 3282 182 3290 —
201 3257 225 3304 3.
248 3269 315 3305 una
336 3251 412 3305 wird‘
430 3251 518 3304 nither
540 3251 628 3304 durch
647 3266 705 3304 om·
760 3250 938 3319 oppidum:
964 3268 998 3304 zu
1021 3250 1142 3305 welchor
1165 3251 1256 3321 Regel
1279 3253 1326 3308 ein

146 3320 229 3374 nibus
242 3321 273 3375 in
286 3321 413 3389 portibus
428 3321 544 3386 erlxli'art3
564 3321 638 3375 denn
651 3337 707 3374 una
760 3321 903 3388 Beispiel'?
936 3321 1030 3390 Vergl.
1052 3328 1075 3388 1,
1094 3327 1128 3375 33
1148 3322 1269 3392 Anlang.
1289 3354 1323 3363 -

147 3392 217 3446 wircl
231 3391 261 3445 in
275 3391 422 3459 derRegel
435 3408 500 3444 vom
510 3392 609 3460 Raum,
624 3392 707 3446 simul
760 3398 784 3445 2.
800 3391 1059 3460 impedimentis
1077 3392 1114 3446 ist
1128 3392 1255 3462 Dativua,
1270 3393 1325 3448 mit

146 3463 274 3530 dagcgen
288 3479 344 3515 von
358 3461 407 3514 dor
421 3462 481 3515 Zeit
494 3463 656 3530 gebraucht.
673 3493 705 3503 -
760 3461 899 3532 pracsidio
918 3481 953 3515 zu
966 3461 1126 3516 vorbindcn
1141 3494 1177 3502 -
1189 3463 1231 3517 ad
1244 3464 1324 3519 Ale-

31 3531 35 3539 '
147 3539 173 3587 4.
191 3533 410 3587 videbantur:
433 3531 513 3586 nicht
530 3533 706 3599 ‚‚scbiencn“.
761 3533 858 3587 siam:
877 3533 954 3587 aiebe
973 3540 998 3601 6,
1019 3539 1032 3586 1
1053 3551 1088 3586 nu
1106 3533 1143 3586 ad
1160 3534 1268 3588 urbem.
1288 3565 1323 3574 —-

147 3634 181 3643 —
210 3602 388 3671 aciemque
416 3602 584 3656 constitui
612 3603 706 3658 erwei·
761 3611 785 3659 3.
815 3603 1005 3672 equitatu:
1034 3604 1087 3658 wie
1113 3604 1154 3658 oft
1179 3604 1324 3676 derjenige

146 3676 203 3729 tert
225 3675 283 3728 und
306 3673 552 3742 verallgemeinert
577 3674 631 3729 den
653 3674 703 3728 Bc·
759 3674 840 3729 Theil
859 3676 935 3729 eines
953 3675 1071 3742 Haeres,
1090 3675 1178 3729 durch
1195 3676 1324 3731 walchen

146 3744 214 3816 griff
234 3762 288 3800 von
313 3744 393 3814 signa
414 3743 518 3798 inferri.
538 3775 573 3784 -
591 3745 703 3799 adin·
758 3746 884 3800 dasselbe
912 3745 1042 3813 handolt,
1070 3744 1101 3798 in
1127 3746 1183 3801 dan
1206 3746 1324 3802 Ablativ

147 3817 359 3884 sequendum
381 3815 557 3870 tardabat:
580 3817 650 3870 tiber
668 3815 705 3869 ad
759 3818 866 3885 gesetnt
889 3817 971 3884 wird,
994 3832 1026 3870 sc
1049 3815 1125 3870 steht
1147 3816 1209 3870 hier
1230 3817 1322 3887 derja-

146 3887 223 3942 aiche
243 3895 267 3957 1,
286 3893 334 3955 25,
354 3893 379 3941 3.
400 3917 433 3926 -
453 3891 477 3941 5.
497 3886 539 3940 ad
560 3886 704 3941 flumen:
757 3886 916 3957 nigcTheil
930 3887 978 3941 des
992 3887 1105 3954 Hecrcs,
1119 3887 1208 3942 durch
1221 3888 1323 3943 dassen

147 3958 192 4012 ain
214 3959 334 4026 kleiner,
357 3958 387 4012 in
409 3959 464 4013 den
486 3960 558 4013 Arar
579 3958 639 4013 sich
664 3975 704 4013 er·
758 3958 926 4027 Nicderlage
943 3958 992 4011 das
1007 3957 1179 4026 ganonocr
1192 3959 1322 4028 gcacbla·

146 4027 307 4099 giessonder
328 4030 421 4097 Fluss,
446 4029 518 4098 jatat
547 4029 650 4084 Onoba.
672 4061 704 4070 -
759 4046 813 4100 gen
838 4028 922 4097 wird,
951 4029 976 4082 d.
1000 4029 1017 4082 i.
1046 4028 1092 4082 die
1117 4029 1253 4098 Raiterei,
1281 4029 1322 4084 im

146 4106 171 4155 6.
200 4117 239 4155 nc
268 4100 535 4154 circumirentur
561 4102 706 4155 tibersctze
760 4099 875 4154 Ablativ
893 4099 940 4155 boi
954 4100 1018 4154 dem
1032 4099 1129 4155 Passiv
1142 4099 1217 4169 pulsi
1232 4104 1321 4156 erant.

145 4171 225 4226 nicht
247 4170 382 4226 wdrtlich.
406 4201 440 4211 -
463 4177 488 4226 7.
506 4171 550 4225 fit
573 4171 706 4226 caedes:
761 4201 794 4210 -
813 4187 878 4238 qua
896 4171 1040 4224 maxima
1057 4173 1156 4239 parte
1174 4172 1322 4227 dbarsctco

145 4241 221 4295 diese
242 4241 472 4296 umscbreibendc
491 4241 641 4312 Wendung
658 4242 705 4295 be·
759 4242 833 4295 nach
853 4240 1062 4310 aufgehobener
1080 4241 1266 4312 Umstallung.
1286 4273 1321 4283 —

146 4313 210 4380 aagt
227 4313 307 4365 mehr
325 4313 367 4365 als
387 4312 525 4377 caeditu1·;
544 4313 601 4382 vgl.
621 4331 656 4366 zu
679 4318 705 4377 6,
760 4312 1034 4366 circumvallare:
1071 4312 1168 4366 hierzu
1204 4318 1322 4382 ergtnae

146 4386 189 4447 29,
205 4386 229 4436 5.
244 4413 278 4421 -
293 4382 408 4436 Cotus:
427 4400 448 4436 s.
463 4399 485 4435 c.
502 4388 544 4436 32.
566 4414 598 4422 -
617 4383 704 4452 Epo·
759 4382 809 4436 das
829 4381 936 4452 Object.
