2804 4778
159 227 201 294 70
557 229 605 285 DE
624 229 742 285 Buteo
761 228 918 286 GALLIOO

157 398 265 460 milites
289 400 370 476 signa
393 397 504 457 inferre
523 405 554 457 et
576 395 741 475 manipulos
763 396 861 457 laxare
883 398 979 477 iussit,
1003 416 1061 477 quo
1080 396 1195 458 facilius
1217 398 1325 478 gladiis

121 490 201 548 euti
228 495 357 566 possent.
404 484 495 546 Cuius
528 486 654 546 adventu
690 503 741 564 spe
773 485 852 546 illata
884 485 1026 547 militibus
1056 505 1089 547 ac
1122 485 1326 567 redintegrato

157 577 253 636 animo
277 593 423 654 cumpro
447 592 478 634 se
503 576 628 653 quisque
652 576 683 633 in
706 583 868 653 conspeetu
895 576 1082 654 imperatoris
1106 577 1195 636 etiam
1219 578 1251 637 in
1275 595 1326 638 ex·

156 665 259 725 tremis
283 666 344 724 suis
368 662 458 724 rebus
477 680 597 742 operam
617 679 723 722 navare
746 671 879 743 cuperet,
901 662 1022 742 paulum
1039 662 1170 724 hostium
1191 666 1326 745 impetus

156 753 288 814 tardatus
312 761 366 813 est.

245 839 295 903 26.
320 840 428 902 Caesar
455 858 523 900 eum
556 842 710 919 septimam
737 839 896 922 legionem,
929 859 1004 920 quae
1031 843 1113 902 iuna
1140 845 1327 925 constiterat,

93 1007 95 1012 Α
155 932 227 991 item
250 932 352 1008 urgeri
374 929 410 989 ab
434 929 518 989 hoste
541 927 671 1008 vidisset,
694 927 831 989 tribunos
858 928 984 990 militum
1011 932 1139 1011 monuit,
1166 939 1201 991 ut
1222 931 1325 1011 paula·

154 1021 208 1081 tim
231 1037 296 1079 sese
320 1017 451 1097 legiones
478 1019 694 1096 coniungerent
716 1026 746 1078 et
773 1035 915 1078 conversa
942 1021 1026 1098 signa
1054 1020 1085 1079 in
1107 1018 1208 1080 hostes
1231 1021 1324 1081 infer·

119 1115 231 1168 arent.
277 1106 342 1178 Quo
365 1107 443 1168 laeto
467 1123 533 1166 cum
558 1105 632 1166 alius
655 1105 703 1165 alii
727 1105 893 1167 subsidium
915 1107 1021 1188 ferret,
1051 1125 1148 1186 neque
1172 1109 1325 1189 timerent,

154 1215 191 1256 ne
216 1197 311 1256 aversi
334 1194 370 1256 ab
392 1194 478 1255 hoste
502 1196 802 1275 circumvenirentur,
830 1195 971 1256 audacius
994 1198 1134 1256 resistcre
1158 1213 1191 1256 ac
1214 1197 1325 1259 fortius

119 1297 287 1364 opugnare
318 1292 490 1362 coeperunt.
534 1282 656 1344 Interim
688 1282 796 1344 milites
828 1283 978 1363 legionum
1012 1283 1152 1364 duarum,
1184 1303 1259 1364 quae
1293 1289 1326 1347 in

155 1375 314 1433 novissimo
338 1374 453 1452 agmine
476 1371 623 1451 praesidio
646 1370 864 1451 impedimentis
891 1373 1032 1452 fuerant,
1050 1372 1163 1452 proelio
1187 1376 1323 1436 nuntiato

117 1475 136 1524 4
154 1479 246 1523 cursu
264 1463 385 1522 incitato
407 1463 439 1521 iu
458 1478 573 1521 summo
597 1459 669 1520 colle
689 1459 725 1520 ab
744 1459 880 1521 hostibus
901 1460 1168 1541 conspiciebantur,
1187 1470 1217 1522 et
1235 1461 1323 1525 Titus

153 1549 300 1610 Labienus
324 1552 429 1611 castris
451 1548 582 1610 hostium
604 1550 717 1628 potitus
740 1557 770 1609 et
789 1567 825 1609 ex
847 1548 912 1610 loeo
936 1551 1099 1631 superiore,
1122 1567 1197 1629 quae
1221 1554 1323 1613 resin

154 1641 264 1700 nostris
288 1641 393 1700 castris
415 1645 605 1718 gererentur,
633 1638 821 1716 conspicatus
849 1637 992 1701 decimam
1020 1638 1165 1718 legionem
1189 1638 1324 1701 subsidio

119 1729 264 1790 onostris
287 1730 375 1788 misit.
422 1727 479 1798 Qui
502 1745 571 1787 cum
594 1745 630 1786 ex
653 1727 787 1804 equitum
810 1736 839 1788 et
861 1726 996 1788 calonum
1018 1728 1097 1808 luga,
1120 1745 1178 1806 quo
1201 1729 1232 1788 in
1255 1727 1324 1790 loco

153 1834 203 1876 res
227 1825 305 1877 esset
328 1824 499 1896 quantoque
522 1817 553 1876 in
575 1812 708 1894 periculo
732 1822 761 1875 et
785 1823 881 1876 eastra
901 1825 930 1877 et
951 1814 1084 1895 legiones
1106 1824 1137 1876 et
1159 1817 1324 1896 imperator

153 1912 331 1985 versaretur,
355 1905 574 1984 cognovissent,
598 1902 671 1964 nihil
699 1903 734 1963 ad
758 1903 940 1965 celeritatem
965 1903 1022 1965 sibi
1045 1903 1154 1984 reliqui
1176 1903 1324 1968 iecerunt.

241 1990 294 2054 27.
322 1992 436 2054 Horum
468 1991 595 2053 adventu
627 1998 707 2053 tanta
739 2010 840 2053 rerum
871 1995 1062 2054 commutatio
1092 2000 1139 2053 est
1169 1992 1259 2075 lacta,
1290 2005 1326 2056 ut

152 2084 248 2143 nostri
278 2083 367 2143 etiam
394 2084 445 2160 qui
472 2080 644 2142 vulneribus
677 2081 805 2141 coniecti
832 2079 1077 2163 procubuissent,
1107 2083 1200 2143 scutis
1228 2083 1326 2144 innixi

152 2269 301 2324 nonnullos
319 2270 355 2323 ab
374 2269 539 2325 novissimis.
559 2301 591 2309 -
611 2269 710 2339 signe
763 2270 951 2342 vordrengen,
975 2270 1025 2325 das
1043 2271 1324 2341 Umgnngenwerden

152 2339 295 2395 inferre:
314 2341 371 2410 vgl.
386 2347 411 2410 1,
426 2347 459 2395 25
473 2359 507 2394 zu
520 2341 709 2395 denWorben.
763 2341 843 2398 nicht
865 2359 900 2396 nn
922 2341 1095 2397 hefrirchten.
1119 2371 1153 2382 -
1181 2347 1208 2398 2.
1232 2342 1325 2398 elius

153 2410 240 2465 Stelle
271 2411 316 2465 die
347 2406 710 2467 shnlieheffuedensarten
763 2412 839 2467 elii:
863 2430 884 2468 e.
905 2419 928 2480 1,
948 2417 982 2466 39
1006 2431 1040 2466 zu
1062 2412 1134 2467 elius
1152 2411 1211 2468 elie
1228 2429 1325 2469 cenea.

152 2498 324 2549 zusammen,
344 2482 417 2537 oben
440 2481 520 2553 signa
538 2481 662 2538 conferre
681 2500 707 2536 u.
762 2512 797 2523 -
814 2483 995 2539 timerent:
1019 2481 1096 2553 Subj.
1114 2483 1163 2538 ish:
1187 2483 1243 2539 elle
1263 2501 1326 2540 ver·

152 2569 176 2607 e.
196 2558 230 2606 26
253 2553 334 2623 signe
357 2555 516 2608 convertere
534 2572 561 2607 u.
580 2572 600 2608 s.
620 2571 654 2609 w.
674 2582 708 2593 -
761 2552 886 2678 einigten
909 2553 1050 2610 Soldeten.
1076 2584 1110 2594 -
1133 2555 1260 2611 eversi:
1283 2555 1325 2610 im

152 2623 280 2678 inferre
298 2655 332 2664 -
351 2625 482 2679 laxare:
501 2624 570 2678 iiber
587 2624 642 2679 den
655 2623 706 2678 Inf.
760 2624 821 2679 Rite
842 2641 885 2679 en.
899 2656 933 2665 -
952 2630 977 2681 3.
995 2624 1128 2681 milites
1145 2625 1324 2696 legionum

151 2697 205 2749 sch.
225 2713 246 2749 e.
266 2711 289 2749 c.
309 2701 324 2750 5
343 2713 377 2750 zu
395 2695 482 2751 Ende.
518 2695 557 2749 Er
581 2695 646 2750 liess
664 2694 710 2750 die
764 2694 919 2751 duarum:
948 2713 969 2752 s.
993 2713 1016 2751 e.
1042 2702 1083 2752 te.
1107 2726 1141 2737 -
1169 2695 1325 2753 incitato

150 2765 625 2836 zusammengedrdngtenSeldeten
639 2768 709 2835 (ver
764 2767 905 2822 iibersetze
923 2767 996 2821 nach
1017 2774 1041 2835 1,
1055 2772 1072 2821 3
1090 2785 1125 2821 nu
1142 2783 1228 2836 regno
1243 2782 1325 2823 occu-

151 2837 261 2907 gleiehe
283 2838 338 2893 den
361 2838 474 2907 Anfang
502 2837 551 2894 des
572 2835 708 2907 Capitale)
762 2839 830 2907 peto
850 2837 949 2893 b.u.d.
965 2868 999 2879 -
1013 2837 1148 2906 proelio
1162 2838 1326 2896 nuntiato

152 2908 212 2963 sich
230 2907 327 2963 weiter
346 2908 530 2965 euseinender
547 2909 655 2964 stellen.
674 2938 709 2949 —
762 2909 853 2963 iibens,
871 2910 944 2964 nach
963 2925 986 2965 e.
1007 2915 1040 2962 11
1064 2927 1098 2962 nu
1116 2908 1249 2964 exaudito
1267 2909 1326 2966 cle-

151 2984 176 3035 3.
195 2996 254 3048 pro
274 2996 309 3034 se
328 2980 486 3050 quisque:
506 2980 552 3034 ein
567 2979 647 3050 J‘eder
665 2979 709 3033 fiir
762 2996 839 3035 more
866 2999 893 3035 n.
921 2979 1090 3036 wiederhole
1116 2979 1166 3034 das
1198 2979 1325 3037 deselbsi

150 3050 226 3105 seine
244 3051 361 3118 Person,
385 3051 431 3105 ein
449 3050 530 3120 jeder
549 3067 579 3105 so
597 3050 655 3106 viel
672 3065 709 3104 en
762 3053 832 3108 iiber
849 3050 895 3105 die
909 3049 1091 3120 Verbindung
1103 3068 1159 3107 von
1172 3049 1242 3106 zuei
1260 3052 1322 3108 ebs.

151 3120 211 3174 ihm
236 3137 306 3188 war,
331 3138 368 3176 en
390 3120 602 3176 seinemTheil.
622 3120 709 3176 -in
761 3121 913 3177 Ablativen
935 3120 1093 3177 Bemerkte.
1117 3151 1150 3162 -·
1179 3127 1204 3176 4.
1228 3121 1323 3178 deei-

151 3194 338 3260 eonspeetu
362 3191 401 3247 ist
427 3197 509 3260 1,11
535 3192 595 3246 dhe.
615 3222 649 3231 —
673 3191 708 3245 in
761 3209 847 3248 mem
869 3192 1055 3262 legionem:
1080 3210 1100 3247 s.
1124 3209 1147 3247 c.
1171 3198 1214 3248 28.
1238 3223 1272 3233 -
1296 3200 1324 3250 ὅ.

151 3262 313 3316 extremis
327 3293 361 3302 —
380 3262 494 3317 rebusz
513 3261 582 3316 fiber
598 3263 643 3317 die
656 3262 708 3318 Be·
763 3263 915 3333 equitum
933 3265 967 3317 et
985 3263 1142 3319 calonum
1159 3262 1242 3334 luge
1260 3281 1282 3320 s.
1297 3282 1322 3320 e.

151 3333 277 3402 deutung
299 3349 354 3387 von
377 3331 406 3386 in
429 3351 450 3387 s.
469 3350 493 3387 c.
511 3338 546 3386 22
570 3333 707 3402 nuEnde,
762 3340 805 3389 24.
828 3364 862 3375 -
890 3351 955 3403 quo
982 3335 1017 3388 in
1043 3334 1120 3389 loco
1147 3351 1200 3390 res
1228 3343 1325 3391 esset

151 3402 181 3456 in
194 3403 244 3456 der
258 3406 416 3458 hussersben
424 3401 528 3458 Gefahr
539 3403 615 3458 ihrer
624 3405 707 3474 Lege.
762 3407 961 3474 quantoque
986 3409 1053 3462 ete:
1077 3405 1127 3460 des
1145 3405 1322 3463 Verhdllniss

186 3473 252 3542 Cap.
277 3480 320 3528 26.
345 3481 368 3529 1.
392 3474 574 3556 septimam
596 3475 708 3544 legio·
762 3476 858 3532 beider
885 3475 966 3531 Sitne
993 3476 1031 3531 isi
1057 3476 1133 3544 kler;
1161 3476 1251 3533 iibere.
1267 3477 1322 3559 ,sie

150 3545 707 3698 iti.uttt⁶rtriitttt2thl
760 3547 1322 3701 latirfftirttsstttmtilih

149 3687 207 3741 heb
225 3687 275 3741 der
292 3687 429 3742 nwblften.
443 3719 477 3728 —
492 3705 659 3744 conversa
673 3720 706 3730 —
761 3689 815 3744 den
839 3688 916 3759 Sing.
935 3690 984 3744 des
1000 3689 1083 3745 Prca.
1105 3690 1152 3744 be1
1175 3690 1323 3746 mehreren

149 3758 319 3813 inferrent
336 3757 374 3813 ist
393 3764 417 3827 1,
432 3765 466 3814 25
485 3759 597 3814 erklbrl.
627 3760 707 3815 Diese
761 3761 949 3817 vermischten
968 3759 1271 3831 subjectem-nihil
1285 3791 1322 3802 -

149 3830 251 3885 beiden
268 3829 423 3899 Legionem
447 3829 493 3884 die
518 3832 618 3887 vorher
636 3832 706 3886 nach
761 3831 932 3887 fecerunt:
965 3831 1135 3901 eigentlichi
1164 3831 1253 3887 eilten
1277 3831 1321 3888 sie

149 3900 367 3956 verschiedenen
382 3900 476 3957 Seiben
489 3901 539 3956 hin
551 3901 619 3956 hem
639 3902 708 3969 ften,
762 3920 812 3958 eus
831 3903 907 3959 allen
924 3901 1043 3957 halben
1061 3902 1121 3972 (nde
1140 3902 1171 3958 in
1188 3901 1321 3959 Himicht

149 3974 280 4054 machion
294 3972 356 4027 eine
370 3971 565 4055 Schwenknng
576 3921 708 4028 unlner·
762 3974 829 4044 ani).
1188 4043 1195 4056 .
1239 4043 1246 4057 .

150 4044 339 4169 {lllllrllxll
355 4060 449 4170 o⁰u¹lc⁰l
462 4043 709 4197 gillebiblll}
763 4045 928 4173 niihil
947 4045 1320 4185 gpooptppmeppptflp,

150 4183 251 4239 dechte
269 4185 314 4240 d1e
334 4203 394 4241 erne
412 4185 520 4256 Legron
538 4187 583 4241 dre
600 4185 708 4241 Flenke
762 4186 815 4242 den
840 4187 921 4241 Nom.
945 4187 1033 4243 nostri
1055 4205 1076 4242 s.
1096 4193 1125 4257 i,
1144 4191 1178 4242 47
1201 4202 1238 4243 nn
1260 4189 1321 4244 ires

151 4254 200 4309 der
224 4255 329 4310 andern
355 4259 429 4325 (cum
455 4257 527 4312 alius
546 4288 579 4298 —
603 4256 707 4326 ferret),
762 4275 825 4313 suos
853 4287 887 4298 -
914 4258 1111 4329 manipulares.
1136 4287 1170 4299 -
1196 4272 1322 4327 procn-

148 4325 205 4376 nnd
227 4325 271 4379 sie
292 4327 403 4394 hebben,
427 4343 508 4382 wenn
532 4329 572 4383 sie
590 4330 707 4402 verbun-
761 4329 932 4384 buissent:
956 4329 1005 4384 der
1024 4329 1101 4400 Conj.
1120 4329 1180 4384 ben.
1204 4328 1232 4385 d.
1249 4327 1322 4387 hor·

131 4391 187 4443 den
227 4396 288 4449 und
321 4397 379 4452 mit
415 4398 567 4469 doppelter
606 4400 707 4459 Fronte
762 4401 885 4472 stellung
903 4399 978 4455 einer
993 4401 1129 4470 geuiseen
1143 4398 1321 4459 euchaita-
