2804 4778
460 243 527 298 ura.
548 242 592 298 vi.
621 242 697 298 oar.
716 248 829 298 ao-ao.
1163 242 1225 307 191

148 408 199 472 28.
232 409 370 471 Tertium
394 417 439 470 est
463 428 556 488 genus
580 427 697 489 eorum,
721 412 773 489 qui
795 412 843 471 uri
866 410 1059 490 appellantur.
1096 409 1134 470 Hi
1158 417 1228 470 sunt

57 499 258 578 magnitudine
281 499 369 578 paulo
387 499 464 559 infra
483 498 668 581 elephantos,
691 502 790 578 specie
809 507 839 560 et
858 499 956 560 colore
976 508 1006 561 et
1028 500 1122 578 ligura
1140 501 1227 560 tauri.

56 588 160 667 Magna
192 591 236 648 ris
270 605 374 647 eorum
407 595 452 648 est
483 595 514 647 et
545 606 649 666 magna
678 587 830 669 velocitas,
862 606 959 666 neque
990 587 1102 648 homini
1130 600 1263 666 nequet

56 679 153 757 ferae,
184 694 271 755 quam
302 686 535 757 conspexerunt,
564 684 699 755 parcunt.
745 675 805 736 Hos
837 676 968 737 studiose
1000 677 1092 736 loreis
1125 685 1262 755 captosa

56 768 248 826 interficiunt.
294 765 357 824 Hoc
381 783 412 825 se
435 764 536 825 labore
561 765 668 826 durant
691 764 895 826 adulescentes
918 774 1005 843 atque
1035 763 1092 824 boc
1118 783 1227 843 genere

55 857 221 915 venationis
246 862 398 935 exercent,
426 862 456 914 et
485 856 536 932 qui
562 853 706 932 plurimos
730 871 765 913 ex
793 852 839 913 his
867 854 1096 934 interfecerunt,
1126 852 1264 914 relatis4

55 946 88 1004 in
106 942 259 1022 publicum
278 942 432 1022 cornibus,
456 960 532 1022 quae
551 945 610 1003 sint
628 943 811 1023 testimonio,
830 960 963 1021 magnam
983 943 1083 1003 lerunt
1100 941 1226 1002 laudem.

57 1031 117 1092 Sed
136 1050 308 1092 assuescere
323 1031 359 1091 ad
377 1031 513 1091 homines
532 1041 563 1091 et
580 1031 768 1092 mansuefieri
786 1049 823 1090 ne
842 1030 957 1109 parvuli
976 1030 1095 1109 quidem
1110 1033 1226 1110 excepti
1245 1042 1262 1092 1

55 1130 190 1200 possunt.
226 1120 394 1200 Amplitudo
415 1138 561 1180 cornuum
580 1129 610 1180 et
632 1121 725 1198 figura
744 1128 774 1180 et
792 1122 906 1198 species
925 1119 1051 1179 multum
1070 1137 1086 1178 a
1109 1128 1225 1179 nostro·
1245 1133 1261 1182 6

55 1229 124 1270 rum
147 1209 238 1270 boum
261 1207 401 1269 cornibus
424 1210 531 1270 diliert.
567 1208 646 1269 Haec
670 1208 801 1268 studiose
825 1210 990 1286 conquisita
1012 1207 1048 1267 ab
1071 1207 1161 1268 labris
1180 1226 1225 1267 ar·

56 1308 145 1377 gento
161 1297 399 1359 circumcludunt
417 1306 505 1376 atque
525 1301 556 1358 in
572 1298 760 1378 amplissimis
779 1296 874 1375 epulis
892 1315 947 1375 pro
961 1296 1077 1376 poculis
1091 1305 1225 1357 utuntur.

146 1384 197 1447 29.
231 1386 352 1468 Caesar,
379 1395 536 1465 postquam
563 1406 618 1467 per
641 1386 732 1447 Ubios
761 1385 962 1464 exploratores
985 1388 1129 1465 comperit
1154 1385 1226 1446 Sue·

55 1475 111 1536 bos
140 1494 205 1536 sose
233 1478 264 1535 in
292 1475 378 1536 silvas
406 1478 569 1556 recepisse,
597 1479 726 1555 inopiam
753 1476 895 1535 frumenti
923 1476 1048 1553 rerituS,
1079 1474 1171 1554 quod,
1194 1482 1228 1534 ut

56 1583 147 1644 supra
175 1565 454 1645 demonstravimus,
483 1568 603 1626 minime
631 1583 734 1626 omnes
763 1563 902 1623 Germani
934 1562 1132 1642 agriculturae
1166 1571 1226 1624 stu·

57 1654 140 1734 dent,
164 1656 319 1714 constituit
341 1672 401 1713 non
423 1655 563 1734 progredi
587 1654 716 1734 longius3
747 1652 811 1734 sed,
841 1670 879 1712 ne
903 1654 1023 1713 omnino
1046 1659 1158 1712 metum
1181 1670 1227 1712 re·
1246 1666 1262 1713 2

57 1742 137 1802 ditus
157 1744 205 1802 sui
226 1741 360 1802 barbaris
383 1742 502 1803 tolleret
524 1752 612 1822 atque
632 1752 787 1805 uteorum
807 1740 914 1802 auxilia
936 1740 1080 1820 tardaret,
1103 1740 1226 1800 reducto

57 1833 190 1891 exercitu
218 1837 332 1909 partem
356 1830 489 1891 ultimam
516 1834 629 1913 pontis,
657 1850 732 1911 quae
756 1833 835 1910 ripas
858 1829 1002 1889 Ubiorum
1031 1828 1228 1910 contingebat,

56 1922 88 1979 in
111 1919 325 1997 longitudinem
347 1918 457 1997 pedum
481 1919 526 1980 CC
550 1920 693 1981 rescindit
720 1927 808 1997 atque
835 1921 867 1977 in
890 1925 1022 1977 extremo
1052 1926 1142 1995 ponte
1165 1925 1263 1980 tur-a

56 2010 114 2067 rim
143 2007 342 2067 tabulatorum
370 2015 510 2083 quattuor
539 2010 693 2069 constituit
719 2006 959 2086 praesidiumque
984 2005 1151 2066 cohortium
1173 2004 1228 2063 ΧΠ
1258 2027 1264 2033 ·

55 2098 156 2175 pontis
179 2096 283 2157 tuendi
306 2113 394 2156 causa
423 2099 507 2174 ponit
529 2099 701 2175 magnisque
726 2113 794 2155 eum
816 2094 915 2155 locum
938 2093 1152 2154 munitionibus
1179 2094 1227 2152 fir·

43 2194 126 2244 mat.
171 2183 207 2244 Ei
230 2184 294 2243 loco
317 2184 527 2262 praesidioque
552 2185 656 2246 Gaium
678 2183 842 2244 Volcatium
860 2182 984 2243 'Tullum
1008 2182 1264 2245 adulescentemt

56 2273 208 2351 praefecit.
253 2272 336 2351 lpse,
360 2289 429 2332 sum
451 2282 651 2334 maturescere
675 2275 824 2333 frumenta
846 2274 1025 2351 inciperent,
1053 2270 1088 2331 ad
1117 2270 1228 2332 bellum

56 2360 235 2439 Ambiorigis
257 2361 411 2439 proiectus
428 2379 484 2440 per
502 2362 690 2423 Arduennam
711 2361 824 2441 silvam,
848 2379 922 2439 quae
942 2370 988 2420 est
1008 2362 1099 2420 totius
1118 2358 1228 2420 Galliae

56 2452 183 2509 maxima
211 2457 299 2528 atque
327 2448 465 2528 abripis
493 2450 590 2513 Rheni
616 2450 784 2529 finibusque
814 2450 1012 2511 Treverorum
1040 2448 1076 2508 ad
1103 2449 1227 2509 Nervios

56 2541 188 2617 pertinet
210 2537 389 2616 milibusque
413 2538 538 2617 amplius
562 2542 732 2619 quingentis
755 2542 785 2600 in
808 2537 1023 2617 longitudinem
1045 2545 1140 2619 patet,
1169 2536 1227 2597 Lu·

57 2629 136 2687 cium
164 2626 326 2688 Minucium
353 2626 483 2688 Basilum
513 2647 580 2689 cum
613 2631 693 2689 omni
726 2630 859 2707 equitatu
891 2628 1067 2706 praemittit,
1099 2628 1124 2686 si
1157 2625 1228 2704 quid

58 2714 208 2776 celeritate
239 2717 355 2776 itineris
386 2725 475 2795 atque
508 2720 728 2796 opportunitate
762 2717 904 2795 temporis
936 2715 1227 2794 prolicereposset3

56 2812 170 2884 monet,
197 2811 231 2864 ut
257 2807 342 2882 ignes
369 2807 400 2864 in
429 2809 535 2866 castris
562 2806 628 2866 lieri
654 2804 824 2885 prohibeat,
851 2821 971 2881 nequa
997 2804 1062 2862 eius
1084 2801 1264 2866 adventuso

56 2890 162 2970 prooul
185 2892 360 2970 significatio
384 2893 447 2954 fiat:
472 2912 537 2953 sese
562 2895 719 2955 confestim
742 2892 884 2970 subsequi
907 2891 987 2952 dicit.

93 3061 159 3130 Cap.
179 3068 221 3116 28.
243 3068 266 3116 1.
285 3061 388 3132 paulo
406 3062 507 3118 infiat
528 3081 548 3117 s.
565 3070 614 3119 19
668 3064 759 3134 perio,
778 3061 955 3128 denuntiare,
978 3064 1012 3115 ut
1030 3061 1134 3116 auxilia
1152 3061 1230 3129 pedi-

55 3151 90 3187 11
108 3133 224 3201 paulum
242 3149 384 3203 supra-
402 3140 427 3187 4.
447 3133 482 3187 in
499 3135 616 3204 publi·
668 3137 746 3190 tatus
756 3133 953 3202 equitatusque
967 3131 1089 3186 mittant.
1105 3161 1137 3172 -
1152 3138 1177 3185 3.
1192 3132 1230 3186 11

56 3221 141 3258 oum:
167 3221 217 3259 vor
245 3203 290 3258 die
312 3204 615 3276 Volksversammlung‚
669 3208 821 3260 extremo
840 3205 957 3274 ponte:
976 3221 1023 3256 zur
1041 3204 1156 3258 Uabers.
1173 3220 1229 3258 ron

56 3277 102 3330 die
126 3274 286 3343 Gemeinde.
311 3305 344 3316 -
369 3281 393 3330 5.
412 3292 452 3329 ne
477 3277 615 3346 parvuli
669 3280 792 3332 extremo
818 3294 839 3331 s.
863 3281 892 3341 1,
920 3280 954 3329 22
982 3293 1017 3328 zu
1044 3275 1134 3343 prima
1157 3274 1228 3328 luce.

56 3345 194 3415 quidem
222 3345 370 3416 excepti:
400 3348 480 3402 nicht
510 3347 616 3403 einmal
669 3347 844 3403 -turrim
866 3346 1104 3401 tabulatorum
1131 3347 1229 3414 quat-

55 3433 127 3486 ganz
142 3418 214 3487 jung
232 3417 424 3488 eingeiangan.
444 3451 477 3462 -
497 3426 522 3473 6,
540 3419 615 3473 Am·
667 3421 757 3474 tuor:
772 3419 858 3488 vergl.
878 3423 908 3486 2,
920 3423 961 3486 12,
973 3423 996 3471 5.
1012 3448 1046 3457 —
1061 3423 1086 3471 4.
1098 3416 1230 3486 praesi-

56 3487 195 3556 plitudo
211 3489 616 3559 —figura-spacies-
671 3491 807 3560 dioque:
831 3507 853 3545 s.
877 3494 906 3557 5,
930 3495 959 3557 9,
984 3495 998 3543 1
1023 3488 1228 3542 11111.-

57 3557 193 3612 differt:
204 3559 294 3628 Beisp.
303 3560 347 3612 fiir
357 3561 616 3630 welcheRegelt-
671 3562 943 3616 adulescentem:
962 3577 983 3614 s.
997 3565 1023 3627 3,
1037 3565 1063 3625 7,
1078 3566 1093 3612 2
1110 3589 1143 3599 -
1158 3559 1228 3612 fru-

57 3630 97 3682 ab
112 3628 236 3683 labris:
251 3631 323 3683 oben
334 3647 380 3684 am
389 3631 498 3685 Raude:
514 3633 549 3686 ab
558 3632 616 3687 beu.
670 3635 797 3687 menta:
816 3651 836 3687 s.
853 3638 878 3698 1,
893 3638 927 3688 16
945 3649 979 3685 zu
997 3631 1023 3685 d.
1037 3631 1081 3685 W.
1100 3661 1133 3670 -
1152 3629 1228 3682 Am-

57 3698 482 3769 auohhierdanOrt,denAnfan
503 3703 617 3772 spunkt,
670 3703 831 3773 biorigis:
851 3721 872 3756 s.
885 3719 908 3757 c.
918 3707 944 3756 1.
963 3733 997 3742 -
1016 3698 1229 3771 praemittit,

57 3771 171 3840 eigentl.
182 3788 237 3825 von
248 3771 284 3824 da
295 3786 339 3837 an,
348 3788 393 3826 wo
404 3772 449 3825 dio
458 3721 615 3829 labrasind.
671 3775 698 3827 si
726 3805 759 3814 -
787 3776 916 3844 possets
942 3773 965 3828 si
992 3773 1071 3826 nicht
1098 3772 1227 3842 „wenn“.

93 3840 217 3910 01129.
237 3842 303 3896 Dies
323 3841 389 3912 Cap.
409 3843 538 3897 sohliesst
556 3843 616 3898 sioh
669 3845 779 3900 Ebenso
797 3851 823 3913 ’1,
842 3852 875 3899 32
900 3844 958 3900 sive
978 3875 1011 3884 -
1030 3842 1096 3897 sive.
1133 3840 1228 3910 Vergl.

57 3930 94 3967 an
113 3929 136 3966 c.
157 3921 190 3968 10
210 3930 254 3968 an.
274 3943 307 3953 -
331 3919 356 3967 1.
374 3918 412 3968 ut
436 3930 538 3984 supra
560 3915 617 3970 de·
671 3917 830 3987 1,811(1,
850 3917 931 3971 Sotae
948 3913 1072 3969 Helvetii
1093 3943 1123 3953 —
1143 3911 1229 3966 desti-

56 3984 632 4052 monstravimus24,1undnament··
669 3989 772 4045 terunt.
797 4018 830 4029 -
854 3993 879 4042 5.
899 3983 1120 4056 significatio
1147 3983 1227 4038 fiat:

56 4055 114 4108 lioh
133 4063 157 4123 6,
177 4062 220 4109 22.
240 4086 273 4095 -
292 4056 430 4110 minime
449 4073 562 4112 omnes
581 4088 635 4115 —,
671 4058 851 4114 Substantias
860 4058 913 4112 mit
921 4055 1156 4111 fierioderfacere
1165 4073 1227 4109 um-

56 4128 210 4181 student:
233 4127 348 4181 minime
367 4128 441 4195 (sehr
457 4127 559 4198 wenig)
577 4130 616 4184 ist
668 4130 813 4185 schreiben
838 4130 880 4184 oft
903 4129 957 4183 mit
979 4127 1069 4180 eiuem
1092 4127 1229 4196 gewissen

28 4196 110 4251 ·mit
128 4198 240 4252 student
263 4216 296 4251 zu
313 4198 561 4255 verbindsn.-2.
579 4203 617 4259 11
668 4200 838 4255 Naohdrook
865 4199 920 4253 den
947 4197 1054 4265 Begriff
1079 4198 1126 4252 des
1155 4197 1228 4251 Zeit-

57 4284 171 4322 eorum
190 4269 323 4323 auxilia
341 4270 509 4324 tardaret:
528 4272 615 4341 vergi.
669 4274 782 4336 wortes,
805 4287 905 4325 wovon
928 4269 977 4323 das
997 4267 1160 4323 Substantiv
1179 4285 1227 4338 ge-

56 4357 105 4392 nur
124 4340 317 4397 Saoheo.10:
338 4340 495 4395 Suebos-
513 4341 548 4395 iis
567 4356 616 4396 na·
670 4357 801 4396 nommen
823 4341 873 4406 ist3
901 4340 961 4395 also
987 4338 1153 4409 significatio
1178 4340 1228 4394 fiat

56 4410 194 4481 tionibus,
217 4428 288 4480 quae
308 4413 359 4467 sub
378 4428 474 4467 eorum
492 4412 548 4467 sint
564 4413 616 4467 im·
670 4413 890 4484 =significetun
901 4442 935 4452 -
950 4410 1113 4479 subsequi
1130 4411 1228 4466 dicits
