2804 4778
503 260 570 316 um.
590 260 636 314 111.
667 259 744 318 cnr.
766 268 876 316 w-ro.
1230 263 1271 327 91

193 424 242 488 18.
265 426 326 487 Hac
351 427 522 488 confirmata
545 427 683 506 opinione
708 429 822 487 timoris
846 429 985 489 idoneum
1009 429 1156 507 quendam
1179 428 1272 491 homi-

100 532 169 575 uem
193 523 223 576 et
246 515 384 575 callidum
407 515 523 596 delegit,
547 514 670 595 Gallum,
694 530 730 574 ex
752 517 803 594 iis,
827 534 901 594 quos
929 517 1030 577 auxilii
1059 536 1147 578 causa
1171 537 1273 579 secum

99 602 235 664 habebat.
281 602 357 664 Huic
382 606 495 683 magnis
517 606 656 683 praemiis
684 602 1004 683 pollicitationibusque
1033 607 1206 686 persuadet,
1229 609 1274 667 uti
1293 620 1315 667 2*

101 693 136 752 ad
159 692 262 752 hostes
285 701 425 773 transeat,
449 702 492 771 et,
516 691 586 770 quid
611 693 675 752 lieri
699 692 781 771 velit,
812 692 924 752 edocet.
972 691 1029 764 Qui
1052 692 1104 754 ubi
1127 712 1182 774 pro
1205 713 1272 774 per·
1292 709 1307 756 3

100 781 169 860 luga
193 780 228 840 ad
253 783 416 861 eosvenit,
440 781 576 841 timorem
599 779 799 840 Romanorum
824 783 971 861 proponit,
996 781 1106 860 quibus
1129 785 1273 861 angustiis

100 873 163 949 ipse
189 869 296 930 Caesar
320 887 335 928 a
360 867 478 929 Venetis
502 877 663 948 prematur,
685 868 781 943 docet,
805 887 901 947 neque
925 868 1041 948 lougius
1065 869 1177 951 abesse,
1202 874 1309 949 quint

99 960 233 1037 proxima
268 966 353 1017 nocte
383 956 510 1017 Sabinus
544 957 617 1017 clam
647 975 681 1016 ex
710 959 816 1017 castris
848 960 1013 1018 exercitum
1046 958 1152 1019 educat
1180 969 1209 1019 et
1237 960 1273 1020 ad

101 1045 259 1107 Caesarem
292 1044 392 1107 anxilii
422 1046 538 1106 terendi
566 1063 653 1106 causa
680 1047 895 1124 proficiscatur.
942 1045 1027 1116 Quod
1061 1045 1112 1107 nbi
1140 1047 1308 1109 auditum5

100 1145 159 1218 est,
195 1134 380 1195 conclamant
402 1152 505 1194 omnes
534 1136 719 1194 occasionem
747 1137 858 1212 negotii
885 1133 961 1194 bene
989 1136 1112 1213 gerendi
1139 1137 1273 1196 amitten·

101 1224 169 1284 dam
191 1242 251 1283 uon
271 1240 346 1303 esse,
369 1222 404 1282 ad
425 1231 521 1283 castra
544 1224 581 1283 iri
605 1231 751 1302 oportere.
788 1221 896 1283 Multae
915 1240 964 1282 res
988 1223 1098 1283 adhoc
1118 1223 1308 1286 consiliumc

100 1311 198 1372 Gallos
222 1310 430 1372 hortabantur:
455 1313 643 1390 superiorum
667 1310 783 1370 dierum
812 1310 913 1370 Sabini
941 1313 1103 1391 cunctatio,
1131 1311 1272 1390 perfugae

100 1402 297 1480 confirmatio,
320 1402 418 1480 inopia
442 1399 630 1479 cibariorum,
654 1401 702 1459 cui
721 1401 766 1459 rei
789 1417 894 1478 partun
913 1397 1070 1478 diligenter
1093 1398 1129 1460 ab
1153 1401 1189 1458 iis
1210 1408 1273 1461 erat

98 1492 265 1570 provisum,
294 1506 362 1567 spes
390 1487 523 1548 Venetici
551 1487 620 1548 belli
652 1496 682 1548 et
710 1487 789 1565 quod
822 1489 885 1548 lere
913 1486 1041 1548 libenter
1070 1489 1206 1548 homines
1234 1488 1272 1568 id,

100 1578 178 1657 quod
207 1577 322 1655 volunt,
350 1577 485 1637 creduut.
531 1576 583 1636 llis
613 1575 703 1636 rebus
732 1575 851 1637 adducti
879 1594 937 1635 non
965 1578 1049 1654 prius
1076 1575 1307 1640 Viridovicemt

99 1667 290 1746 reliquosque
314 1665 406 1726 duces
430 1683 466 1725 ex
490 1664 614 1725 concilio
638 1664 804 1745 dimittunt,
832 1682 921 1742 qtrarn
949 1663 985 1724 ab
1013 1664 1059 1724 his
1088 1667 1126 1725 sit
1150 1680 1270 1726 conces·-

99 1773 174 1835 sum,
199 1773 278 1814 arma
302 1757 346 1814 uti
372 1756 488 1833 capiant
510 1763 541 1814 et
565 1753 600 1813 ad
625 1761 720 1814 castra
748 1753 936 1813 contendant.
983 1752 1046 1824 Qua
1074 1771 1107 1813 re
1132 1770 1308 1818 concessas

98 1840 184 1924 laeti,
207 1853 241 1904 ut
265 1843 414 1922 explorata
436 1843 572 1921 victoria,
596 1843 753 1901 sarmentis
777 1840 970 1918 virgultisque
995 1840 1140 1921 collectis,
1165 1837 1273 1918 quibus

98 1933 192 1993 fossas
215 1930 416 1992 Romanorum
440 1929 614 2009 compleant,
638 1929 674 1989 ad
698 1936 795 1989 castra
817 1937 953 2007 pergunt.

191 2017 240 2080 19.
263 2019 361 2080 Locos
385 2027 449 2078 erat
474 2027 641 2078 castrorum
665 2016 763 2077 editus
792 2025 822 2077 et
844 2016 986 2095 paulatim
1013 2014 1049 2075 ab
1072 2019 1131 2077 imo
1156 2017 1273 2078 acclivis

97 2208 141 2262 bis
160 2224 196 2261 an
214 2207 264 2260 das
283 2207 375 2276 Loger
392 2205 583 2259 heranlramen
601 2203 656 2257 und
712 2204 761 2257 des
776 2203 817 2257 oft
832 2203 1272 2274 vorgekommenenAspndeton:

99 2279 154 2332 den
177 2279 299 2331 Itbmern
326 2276 400 2331 noch
427 2275 529 2330 keinen
553 2291 658 2343 aequus
712 2274 804 2343 Beisp.
823 2274 895 2329 such
919 2291 974 2328 von
994 2277 1120 2345 oportere
1139 2276 1192 2331 mit
1210 2275 1273 2330 dem
1325 2285 1331 2298 ¹

98 2349 177 2402 locus
201 2348 268 2402 oder
292 2346 488 2416 opportunitas
513 2346 657 2401 darboten.
712 2345 763 2399 lnf.
787 2345 827 2398 im
849 2344 958 2411 Passim
986 2363 1016 2400 so
1040 2347 1151 2402 werden
1176 2348 1206 2401 in
1225 2347 1274 2401 der

100 2451 132 2460 -
155 2420 214 2473 aut
232 2418 512 2488 opportunitate:
532 2419 593 2472 ont:
613 2416 657 2470 od.
711 2416 800 2485 Regel
823 2416 868 2471 die
886 2416 980 2471 Verbo
1004 2417 1203 2487 impersonalia
1221 2417 1274 2472 mit

98 2490 269 2558 uberhaupt,
295 2489 369 2544 deun
386 2488 437 2542 das
456 2505 561 2558 aequus
580 2488 657 2542 locus
712 2486 775 2541 dem
799 2487 850 2541 lnf.
869 2487 946 2542 Pano.
971 2489 1141 2544 verbunden.
1178 2489 1282 2558 Vergl.¹

98 2561 137 2629 ist
154 2561 226 2615 auch
245 2559 306 2615 eine
325 2560 527 2629 opportunitas.
713 2563 738 2626 1,
757 2565 805 2612 35:
829 2574 891 2613 eam
936 2561 1026 2613 artem
1043 2559 1144 2614 nudari
1162 2575 1273 2614 necesse

713 2630 782 2683 erut.
798 2657 832 2667 —
847 2634 872 2684 6.
926 2629 1021 2683 ultae
1040 2639 1092 2684 res
1111 2630 1171 2684 dbs.
1186 2629 1274 2684 durch

136 2701 201 2772 Cap.
232 2707 272 2757 18.
302 2708 326 2755 1.
355 2701 424 2755 Hac
447 2731 480 2740 —
508 2700 658 2755 timoris:

100 2773 238 2828 nachdam
262 2789 292 2827 er
314 2772 360 2826 die
383 2770 488 2827 Feinde
511 2771 541 2824 in
568 2772 659 2826 dieser

97 2845 173 2899 ihrer
187 2843 305 2898 Ansicht
318 2843 447 2897 besttrlrt
464 2842 557 2907 hutte3
575 2842 659 2895 timo-

97 2915 136 2968 ris
164 2915 255 2969 libers.
282 2914 355 2967 nach
379 2918 406 2980 1,
426 2919 441 2966 2
465 2929 498 2965 nn
520 2911 601 2980 regni
624 2911 658 2977 b;

98 2987 168 3038 tiber
196 2985 241 3039 die
265 2982 396 3052 Stellung
417 2998 472 3037 von
495 2983 660 3036 confirmata

99 3055 176 3110 siche
203 3072 225 3108 c.
250 3061 266 3108 3
289 3071 323 3107 zu
350 3053 403 3107 hoc
426 3053 569 3108 reservato
594 3068 659 3107 con·

98 3126 171 3181 silio.
192 3141 282 3178 -ex
306 3123 350 3177 iis
374 3123 438 3178 (1.1.
458 3141 545 3177 unum
563 3122 658 3178 exiis.

99 3226 132 3238 -
148 3203 172 3250 2.
188 3193 320 3264 magnis
339 3194 503 3263 praemiis
521 3193 659 3264 pollici-

97 3266 376 3334 tationibusque:
395 3282 416 3318 s.
435 3283 469 3318 zu
487 3271 513 3333 3,
533 3271 567 3320 26
585 3264 660 3332 Ant..

98 3339 185 3408 vergi.
207 3345 230 3406 1,
251 3343 285 3390 44
303 3352 407 3406 magno
425 3352 474 3405 spe
495 3336 660 3406 mngnisque

97 3408 302 3478 praemiis.·-
330 3404 413 3476 quid
445 3406 527 3462 fieri
559 3405 660 3462 velit:

100 3480 176 3534 seina
191 3479 312 3533 Belehle.
329 3509 362 3517 -
379 3484 405 3532 3.
448 3493 483 3532 ro
501 3476 662 3559 perfuga:

100 3565 151 3617 pro
169 3549 227 3604 bez.
247 3549 296 3603 das
314 3496 483 3619 negenebess
501 3547 550 3602 der
566 3548 659 3601 Wrrlr·

99 3617 230 3673 lichkeit:
250 3620 291 3674 als
305 3619 497 3686 Ueberltuler‚
515 3619 557 3673 ads
576 3618 611 3672 ob
632 3635 661 3673 er

101 3689 148 3744 ein
171 3688 353 3743 Ueberltufer
374 3693 457 3743 utre.
482 3718 515 3726 —
537 3705 660 3757 propo·

100 3760 166 3815 nit:
186 3759 327 3814 achildert.
347 3789 381 3800 —
406 3758 531 3827 quibus
554 3774 660 3828 angu-

101 3830 180 3886 11111
203 3830 292 3885 tibere.
312 3830 384 3885 noch
407 3828 577 3898 suigelttster
594 3829 661 3883 Um-

99 3902 231 3971 stellung.
258 3932 291 3965 ÷
318 3907 343 3955 4.
369 3916 478 3969 neque
503 3930 535 3939 -
561 3899 659 3969 quin:

714 2699 768 2753 ein
786 2699 876 2754 Wort.
913 2699 976 2769 Vgl.
996 2715 1018 2752 o.
1040 2705 1086 2755 10:
1111 2701 1160 2754 sed
1182 2700 1274 2754 multa

713 2768 862 2824 Caesarem
885 2773 981 2823 tamen
999 2770 1036 2823 ad
1058 2770 1088 2823 id
1107 2770 1213 2824 bellum
1231 2769 1273 2823 in-

715 2840 889 2894 1111111111-
907 2839 1122 2909 superiorum
1142 2840 1273 2895 dierum

714 2909 845 2964 Sabini:
875 2910 978 2964 wieder
1000 2909 1046 2964 ein
1068 2909 1191 2980 Beispiel
1218 2928 1273 2967 von

713 2981 865 3050 doppelten
891 2979 1052 3046 Genitivem
1080 2982 1168 3052 vergi.
1196 3001 1216 3037 z.
1241 2982 1272 3035 B.

713 3059 738 3119 2,
756 3058 787 3106 lt
802 3067 898 3106 eorum
915 3050 1023 3105 dierum
1036 3055 1099 3117 eto,
1120 3058 1143 3118 1,
1161 3057 1193 3106 19
1213 3052 1272 3107 eius

709 3121 865 3181 ,offensione
889 3121 984 3176 animi.
1008 3152 1041 3161 -
1068 3138 1143 3192 spes
1162 3122 1273 3177 Vene-

712 3193 778 3248 tici
799 3192 901 3247 belli:
930 3193 994 3248 dass
1017 3193 1107 3247 dieser
1130 3193 1273 3262 glr'iclrlich

712 3263 759 3332 fiir
792 3264 833 3317 sie
859 3263 952 3318 werde
984 3262 1119 3333 beendigt
1145 3265 1272 3330 werden;

714 3333 1273 3474 1111111111.ἳὲ1111·-

716 3481 739 3530 7.
763 3477 859 3545 prins
883 3448 926 3542 ’-,
951 3492 1049 3544 quam
1066 3506 1101 3516 -
1124 3476 1171 3531 sit
1194 3492 1273 3531 con-

715 3561 859 3602 cessum:
882 3546 953 3601 tiber
975 3546 1020 3601 die
1039 3545 1194 3602 Constmct.
1218 3563 1275 3601 von

714 3617 792 3686 prius
807 3633 891 3686 quam
909 3634 929 3670 s.
945 3623 970 3684 1,
986 3622 1034 3683 123
1054 3617 1148 3672 woher
1165 3617 1274 3671 kommt

715 3687 764 3742 der
783 3686 879 3757 Ocni?
899 3714 933 3727 -
958 3703 1049 3742 ormo
1069 3719 1101 3727 -—
1122 3688 1273 3756 capiant:

714 3777 748 3812 zu
775 3759 830 3812 den
856 3757 969 3813 Wnffen
996 3777 1031 3812 nu
1065 3757 1181 3828 greifen.
1222 3757 1274 3812 Die

715 3827 793 3898 Oonj.
804 3828 917 3898 cupiant
926 3829 983 3882 und
998 3827 1168 3883 contendunt
1181 3828 1274 3881 haben

714 3899 836 3954 dieselbe
846 3899 928 3954 Kroft
942 3900 994 3953 wie
1011 3903 1039 3965 1,
1051 3903 1084 3952 19
1100 3899 1207 3952 statuat
1217 3898 1274 3951 und

100 3972 276 4044 eigentlioh?
308 3971 365 4026 und
398 3988 427 4026 es
460 3969 500 4026 sei
531 3970 660 4054 niemlich
712 3970 817 4054 iubeat.
834 4001 868 4011 —
890 3977 914 4025 8.
936 3969 1185 4051 utexplprato:
1212 3968 1273 4022 Bei-

100 4043 596 4195 1119111111Π1111118ἐ13101111111ἓὶ
609 4042 660 4167 1111
713 4041 925 4194 111θ11111111ἔη1
927 4041 1144 4178 rtlogllbrcllrmtulsu
1144 4040 1218 4164 ᾗ111ξι
1225 4041 1274 4164 (1111

99 4184 526 4312 subiturum
538 4190 659 4308 tut:
714 4180 1274 4321 tremendissimitut

100 4326 203 4410 getii:
219 4325 435 4381 Unternehmen.
447 4355 478 4363 -
491 4297 535 4378 ed
546 4306 659 4379 castro
714 4295 776 4377 mlta
795 4322 921 4378 victorin.

100 4400 144 4452 irs
164 4399 336 4467 oportere:
355 4395 458 4451 wieder
476 4395 522 4449 ein
536 4395 658 4466 Beispiel
751 4394 821 4465 Cap.
834 4399 881 4449 tt.
898 4401 928 4448 1.
942 4392 1030 4448 'rinos
1043 4392 1237 4458 serpunt
1253 4404 1298 4435 m
