2804 4778
152 228 218 292 252

559 227 607 280 DE
626 227 745 282 BELLO
764 226 922 282 GALLICO

117 407 134 453 3
153 397 323 473 constituit,
346 413 383 454 ue
407 413 465 472 qua
488 393 585 454 subita
608 396 736 472 irruptio
759 392 796 452 ab
823 393 954 453 hostium
978 392 1112 471 peditatu
1134 393 1193 454 fiat.
1240 393 1334 452 Prae-

153 484 229 543 sidio
261 482 409 561 legionum
442 482 540 542 addito
572 485 684 542 uostris
714 484 831 542 animus
864 489 1003 561 augetur3
1035 481 1136 541 hostes
1166 484 1198 541 in
1231 482 1339 560 lugam

153 574 281 632 coniecti
310 590 342 630 se
370 573 427 650 ipsi
457 571 646 632 multitudine
672 571 840 650 impediunt
866 579 955 648 atque
982 569 1204 648 angustioribus
1234 574 1341 649 portis

117 671 134 718 4
153 659 267 719 relictis
290 668 511 720 coacervantur.
544 659 683 720 Germani
702 661 801 719 acrius
820 676 915 737 usque
939 658 976 718 ad
995 660 1174 719 munitiones
1198 677 1331 737 sequun-

118 759 134 806 5
153 757 212 809 tur.
258 747 304 808 Fit
327 766 432 826 magua
455 749 574 809 caedes:
602 748 736 808 nonnulli
763 738 876 807 relictis
899 749 985 825 equis
1017 747 1127 806 iossam
1149 750 1277 808 transire
1303 756 1336 807 ct

119 839 313 896 emaceriam
341 836 554 897 transcendere
582 845 738 897 conantur.
787 835 912 896 Paulum
943 835 1077 913 legiones
1106 835 1227 916 Caesar,
1257 854 1336 913 quas

153 943 208 1004 pro
238 924 312 984 vallo
347 928 556 1005 constituerat,
585 927 754 1003 promoveri
783 923 875 984 iubet.
920 923 987 983 Non
1021 926 1136 1004 miuus,
1170 927 1222 1002 qui
1252 927 1337 983 intra·

154 1016 335 1074 munitiones
360 1023 458 1092 erant,
480 1012 696 1092 perturbantur
715 1012 804 1092 Galli;
826 1014 922 1072 veniri
945 1011 981 1071 ad
1004 1030 1037 1072 se
1056 1013 1213 1072 confestim
1232 1015 1336 1072 existi·

155 1112 269 1162 mantes
292 1102 328 1162 ad
352 1120 432 1161 arma
451 1101 650 1181 conclamant,
673 1100 809 1161 nonnulli
831 1102 985 1179 perterriti
1007 1103 1039 1161 in
1058 1100 1200 1179 oppidum
1222 1103 1332 1161 irrum-

120 1199 238 1270 tpunt.
271 1190 497 1268 Vercingetorix
519 1189 602 1251 iubet
624 1198 726 1269 portas
750 1189 860 1269 claudi,
884 1208 921 1249 ne
945 1197 1044 1249 castra
1061 1189 1220 1250 nudentur.
1257 1188 1335 1249 Mul·

156 1281 194 1339 tis
220 1279 399 1356 interiectis,
432 1278 635 1356 compluribus
668 1280 753 1356 equis
784 1280 878 1356 captis
908 1277 1049 1337 Germani
1078 1296 1144 1337 sese
1174 1279 1339 1356 recipiunt

247 1364 298 1427 71.
333 1365 571 1447 Vercingetorix,
598 1370 774 1446 priusquam
802 1368 983 1426 munitiones
1011 1365 1047 1426 ab
1071 1365 1211 1426 Romanis
1243 1367 1337 1444 perii·
1389 1399 1392 1402 >

156 1457 287 1534 ciantur,
311 1455 466 1514 consilium
491 1458 582 1536 capit,
605 1473 723 1515 omnem
746 1454 783 1514 ab
807 1473 839 1514 se
863 1457 1029 1533 equitatum
1052 1463 1144 1514 noctu
1173 1454 1333 1514 dimittere.

119 1541 384 1604 alliscedentibus
417 1543 548 1624 mandat,
582 1552 615 1604 ut
647 1562 731 1604 suam
764 1546 891 1622 quisque
924 1560 1029 1602 eorum
1061 1545 1210 1603 civitatem
1246 1542 1333 1602 adeat

154 1649 327 1710 omnesque,
351 1633 403 1709 qui
424 1650 479 1710 per
503 1641 628 1692 aetatem
652 1650 733 1691 arma
760 1632 839 1691 terre
868 1633 998 1711 possint,
1023 1631 1059 1691 ad
1082 1630 1193 1691 bellum
1216 1641 1332 1708 cogant.

118 1718 213 1780 asna
241 1721 272 1778 in
303 1719 368 1778 illos
396 1722 501 1779 merita
527 1722 667 1799 proponit
694 1719 934 1799 obtestaturque,
964 1729 997 1779 ut
1021 1738 1091 1779 suae
1115 1720 1219 1780 salutis
1242 1721 1332 1779 ratio·

155 1826 224 1867 nem
247 1807 374 1868 habeant
397 1826 456 1868 neu
480 1826 511 1868 se
536 1811 647 1887 optime
670 1809 706 1869 de
730 1811 882 1868 communi
911 1807 1046 1868 libertate
1071 1810 1211 1868 meritum
1238 1807 1331 1868 hosti·

153 1895 211 1957 bus
238 1898 268 1956 in
298 1899 461 1956 cruciatum
492 1896 609 1957 dedant.
662 1896 748 1967 erod
778 1899 804 1956 si
831 1895 1066 1975 indiligentiores
1093 1897 1218 1976 luerint,
1254 1895 1337 1955 milia

120 1985 310 2045 thominum
334 1985 447 2045 delecta
470 1987 620 2063 octoginta
644 2003 702 2045 una
726 2004 828 2046 secum
857 1987 1014 2045 interitura
1038 1984 1229 2045 demonstrat.
1276 1984 1332 2044 Ra-

156 2076 238 2134 tione
261 2075 334 2134 inita
353 2091 385 2133 se
406 2076 511 2152 exigue
530 2073 647 2134 dierum
670 2073 780 2134 habere
804 2075 925 2152 triginta
949 2073 1146 2153 frumentum,
1168 2073 1220 2133 sed
1242 2073 1334 2151 paulo

121 2164 247 2223 tetiam
278 2161 394 2241 longius
424 2162 546 2222 tolerari
575 2181 662 2241 posse
693 2163 850 2241 parcendo.
896 2161 949 2220 His
979 2161 1055 2222 datis
1086 2161 1246 2241 mandatiS,
1276 2180 1335 2240 qua

154 2337 179 2386 3.
203 2331 337 2385 animus
359 2333 519 2400 augetur:
547 2332 629 2386 dafdr
646 2339 676 2401 2,
701 2339 716 2385 't

154 2401 277 2456 studium
300 2401 425 2456 accessit.
446 2433 481 2441 -
503 2403 717 2472 angustiori·

154 2473 215 2526 bus
234 2472 346 2541 portis
360 2471 512 2528 relictis:
527 2473 564 2527 da
578 2473 618 2527 sie
632 2471 717 2528 niem-

167 2541 210 2613 'eh
234 2558 304 2612 enge
324 2543 416 2598 Thore
441 2544 481 2612 (in
502 2544 551 2598 der
568 2543 674 2612 Macer,
694 2563 715 2599 s.

154 2629 170 2668 o
192 2630 227 2668 en
244 2631 267 2667 c.
283 2617 327 2681 69)
346 2614 475 2683 gelassen
492 2614 599 2670 hatten.
610 2647 643 2655 -
658 2633 715 2670 co-

154 2686 376 2739 acervantur:
400 2686 513 2741 ensteht
536 2685 581 2741 ein
604 2703 715 2756 grossas

95 2793 98 2799 ·
153 2755 715 2827 Gedrtnge.-5.l¹itmagnacaedes:

154 2845 176 2881 s.
196 2827 246 2881 das
265 2827 362 2896 vorige
379 2827 445 2896 Cap.
465 2848 498 2882 zu
517 2829 572 2882 den
589 2829 715 2884 Worten.

154 2928 188 2937 —
208 2904 231 2952 6.
250 2898 463 2980 munitiones
482 2901 508 2954 d.
527 2899 546 2954 i.
565 2899 670 2954 fossam
688 2902 718 2954 et

153 2971 543 3109 ttoetttnnttg'ttt
556 2972 716 3096 sttui

154 3110 249 3164 Setaea
263 3111 301 3164 ist
314 3111 472 3180 aegrunder
484 3110 515 3165 in
530 3111 594 3165 dem
609 3110 717 3180 Gegan-

153 3182 242 3247 satae‚
269 3180 299 3233 in
322 3181 457 3236 walchem
482 3181 522 3236 sie
550 3183 656 3236 stehen.
681 3213 717 3221 -

155 3280 187 3290 -
198 3250 715 3322 nonnulli:s.6‚14.—-'l.portas:

153 3319 203 3373 der
213 3319 305 3386 scant,
319 3321 409 3374 damit
422 3323 501 3378 nicht
515 3323 560 3377 dio
574 3323 614 3377 im
624 3323 717 3394 Lager

153 3388 291 3442 zwischen
309 3389 359 3445 der
378 3390 462 3445 Stadt
479 3394 537 3446 und
556 3394 605 3448 der
619 3394 717 3448 Mauer

153 3459 341 3514 belindlichen
373 3461 504 3529 Truppen
539 3462 588 3516 das
625 3465 717 3533 Lager

153 3529 295 3585 variassen
318 3530 375 3583 und
398 3531 428 3585 in
450 3531 495 3585 die
514 3531 598 3586 Stadt
615 3535 717 3589 fliehsn

153 3600 293 3655 mdchten.
306 3631 341 3640 -
356 3602 604 3671 compluribus:
619 3622 640 3659 s.
655 3612 679 3671 6,
689 3609 715 3659 8.

190 3672 256 3741 Cap.
272 3677 313 3726 tr.
335 3679 359 3726 1.
378 3672 715 3744 priusquam-per-

152 3742 336 3798 ficiantur:
357 3742 482 3813 Beispiel
501 3745 550 3798 der
569 3744 714 3801 Construc-

151 3813 212 3868 tion
226 3831 282 3871 von
296 3815 473 3884 prinsquam
488 3816 574 3885 vergi.
590 3817 716 3887 dagegen

154 3886 296 3952 1,nannf.
322 3886 414 3941 Ueher
433 3887 488 3941 den
507 3886 675 3957 Oonjunctiv
693 3907 714 3943 s.

153 3958 354 4029 2,12Anfang.
370 3958 605 4013 -consilium
621 3959 716 4028 capit

153 4025 388 4084 -dimitterez
406 4048 453 4083 zur
461 4028 617 4084 Construct.
628 4030 714 4098 vergi.

153 4101 179 4164 3,
198 4103 223 4163 2,
237 4103 262 4151 2.
278 4100 366 4153 -ab
386 4117 432 4154 se:
452 4100 528 4154 siche
549 4106 572 4167 1,
592 4105 608 4152 2
627 4118 661 4153 zu
674 4100 716 4153 in·

153 4166 260 4222 ductus.
276 4198 310 4208 -
324 4175 349 4223 2.
369 4187 462 4224 snam
481 4169 640 4239 quisque:
655 4170 716 4224 Bei-

153 4237 225 4306 spiel
251 4257 314 4292 zum
337 4238 485 4295 Gabranch
507 4257 563 4296 von
588 4241 715 4311 quisque.

772 2330 857 2386 Obsar
871 2334 965 2386 setzen
979 2331 1009 2385 in
1023 2332 1073 2386 dor
1082 2332 1170 2402 Regal
1183 2333 1233 2386 das
1248 2332 1333 2386 Verb.

771 2401 801 2456 in
812 2402 973 2457 demselben
983 2403 1074 2470 Setae,
1088 2403 1119 2457 in
1132 2403 1267 2458 walchem
1282 2404 1338 2457 das

771 2472 955 2528 Collectivnm
982 2474 1024 2528 als
1049 2473 1164 2543 Subject
1187 2474 1276 2541 steht,
1303 2474 1336 2527 in

769 2545 824 2599 den
844 2544 986 2613 singular,
1010 2560 1160 2614 wogegon,
1187 2544 1240 2599 wic
1264 2544 1337 2612 hier,

769 2615 799 2668 in
823 2614 914 2669 einem
937 2615 1053 2669 aweiten
1076 2616 1164 2669 durch
1186 2631 1241 2685 que
1266 2615 1338 2669 oder

769 2689 799 2740 et
816 2686 1069 2755 angeschlossenen
1087 2685 1168 2740 Setae
1191 2686 1264 2740 auch
1282 2686 1334 2739 der

770 2757 868 2811 Plural
886 2757 1053 2812 vorkommt.
1077 2757 1216 2825 Beispiele
1234 2756 1336 2811 stehen

771 2844 794 2882 c.
816 2834 863 2882 72:
882 2844 917 2881 ne
936 2828 985 2881 aut
1003 2827 1204 2883 multitudo-
1220 2827 1336 2882 advola-

771 2900 828 2968 ret,
851 2900 901 2953 ant
927 2928 962 2937 -
988 2900 1119 2967 possent3
1143 2897 1236 2953 ferner
1254 2905 1284 2966 4,
1304 2905 1337 2952 5:

771 2968 1097 3039 mercatoresinoppidis
1106 2969 1207 3039 vulgus
1217 2969 1336 3023 circum-

771 3040 854 3094 sistat
876 3040 1033 3108 quibusque
1051 3057 1086 3095 ex
1108 3039 1269 3110 regionibus
1288 3057 1337 3095 vc·

769 3109 851 3165 uiant
874 3127 999 3180 quasque
1015 3110 1058 3165 ibi
1075 3127 1120 3165 res
1142 3110 1337 3180 cognoverint,

770 3180 952 3251 pronuntiare
971 3183 1080 3250 cogant.
1117 3181 1252 3252 Dagegen
1275 3182 1335 3251 vgl.

771 3258 797 3320 2,
816 3259 845 3318 6;
870 3268 933 3306 cum
951 3254 1032 3306 tanta
1052 3252 1204 3307 multitudo
1223 3251 1337 3322 lapides

771 3339 803 3377 ac
821 3323 881 3376 tela
899 3321 1066 3377 conicerent.
1082 3353 1117 3362 -
1135 3339 1335 3392 omnesque,

771 3394 829 3462 qui
860 3410 952 3447 arma
983 3392 1073 3447 ferre
1105 3393 1242 3463 possint
1273 3412 1335 3447 um-

770 3462 895 3518 schreibt
911 3463 965 3517 liin
983 3463 1073 3519 Wort.
1096 3481 1214 3533 —.per
1236 3467 1336 3519 aeta—

770 3535 848 3588 tem:
878 3534 954 3589 siehe
973 3541 1003 3604 2,
1024 3541 1070 3602 16,
1090 3540 1107 3587 4
1129 3553 1163 3588 an
1187 3535 1279 3590 d.'W.
1299 3567 1336 3576 -

771 3612 796 3659 3.
816 3604 882 3659 Sua
898 3605 933 3659 in
950 3605 1033 3660 illos
1052 3604 1188 3661 merita:
1213 3624 1235 3659 s.
1255 3623 1278 3663 c.
1298 3612 1337 3660 64

770 3695 805 3730 zu
823 3663 913 3731 d.W.
932 3675 1040 3731 merita.
1067 3706 1098 3716 -
1122 3693 1187 3730 nen
1207 3693 1254 3731 se:
1279 3694 1335 3731 nen

770 3771 804 3792 =
824 3749 853 3800 et
870 3763 913 3800 ne.
938 3776 972 3786 -
996 3746 1090 3811 Quod
1108 3747 1148 3801 si:
1168 3765 1189 3801 s.
1210 3754 1234 3815 i,
1255 3753 1336 3816 14,3

769 3836 805 3870 au
829 3817 856 3871 d.
874 3817 919 3870 W.
947 3847 982 3856 —
1009 3824 1035 3874 4.
1058 3817 1207 3872 Ratione
1231 3817 1336 3872 inita:

768 3888 841 3942 nach
869 3888 1051 3957 angestellter
1077 3889 1268 3959 Bereehnung.
1297 3920 1335 3928 —

769 3957 906 4027 exigue:
925 3976 974 4012 zur
989 3959 1075 4027 Noth,
1093 3959 1276 4029 nothdilrftig.
1300 3990 1334 4000 —-

768 4030 895 4084 habere
919 4059 954 4068 -
976 4029 1195 4084 frumentum:
1219 4047 1273 4099 „er
1291 4031 1333 4084 sei

768 4099 1012 4226 pprprqovliantirt‘t
1040 4131 1073 4140 -
1098 4100 1256 4226 tlpallplpari:
1283 4118 1334 4170 po-

799 4190 811 4226 s
897 4187 981 4225 aran:
1014 4187 1080 4226 man
1210 4188 1240 4226 es
1270 4189 1333 4227 aus-

768 4241 872 4298 halten.
910 4272 947 4281 —
982 4243 1166 4311 parcendo:
1199 4242 1336 4314 dadurch,

153 4337 186 4346 -
205 4308 399 4364 civitatem:
422 4330 442 4365 a.
463 4318 488 4379 1,
507 4318 523 4365 2
545 4330 578 4365 zu
597 4311 715 4367 civitati.
770 4312 832 4367 dass
850 4331 917 4367 man
933 4328 1060 4382 sparsam
1075 4314 1185 4384 (damit)
1202 4315 1334 4384 umgahe‚

155 4408 189 4417 —
204 4379 312 4459 adeat
330 4411 363 4419 —
383 4383 520 4450 cogant:
544 4381 640 4437 Cicero
658 4383 716 4436 und
771 4383 833 4450 „bei
860 4384 1045 4454 Verlrttrzung
1082 4385 1131 4438 der
1162 4384 1335 4454 Rationen“;
