2804 4778
490 224 557 279 LIB.
576 223 609 278 V.
640 223 718 280 CAP.
737 228 852 278 52-54.

1193 227 1257 292 167
1275 265 1278 274 ·

82 389 183 449 Remis
212 388 341 449 Labieno
369 391 461 450 tieret.
508 388 570 449 Hac
599 390 675 449 lama
702 389 739 449 ad
762 389 909 450 Treveros
937 391 1049 469 perlata
1077 392 1294 455 Indutiomaa
1325 442 1333 458 ,

82 496 148 557 rus,
178 480 230 556 qui
252 487 373 558 postero
402 477 449 537 die
480 487 576 538 castra
604 476 726 537 Labieni
754 496 925 557 oppugnare
953 479 1139 562 decreverat,
1167 491 1259 544 noctu

83 567 214 645 profugit
237 569 396 646 copiasque
416 584 518 627 omnes
542 569 573 625 in
592 566 739 626 Treveros
757 565 883 627 reducit.
921 566 1028 628 Caesar
1046 567 1171 630 Fabium
1190 590 1259 632 cum
1277 584 1294 632 3

84 673 136 714 sua
158 655 273 734 legione
298 657 423 715 remittit
444 657 476 715 in
498 654 633 734 hiberna,
657 656 720 733 ipse
742 673 811 714 cum
834 654 932 715 tribus
955 655 1121 734 legionibus
1145 661 1259 720 circum

85 743 320 803 Samarobrivam
351 746 438 803 trinis
470 743 603 803 bibernis
638 742 769 802 hiemare
805 745 961 804 constituit
993 753 1036 818 et,
1069 747 1148 823 quod
1181 750 1256 807 tanti

82 840 179 890 motus
203 832 311 891 Galliae
336 834 519 911 exstiterant,
543 839 634 891 totam
657 831 786 891 hiemem
809 833 873 910 ipse
893 832 929 891 ad
949 836 1113 893 exercitum
1137 854 1257 896 manere

83 920 222 981 decrevit.
263 920 337 980 Nam
359 920 409 981 illo
433 918 619 980 incommodo
641 918 678 979 de
699 919 800 978 Sabini
818 923 926 979 morte‘
938 921 1051 999 perlato
1071 941 1175 984 omnes
1194 925 1295 984 leret

74 1007 193 1075 ¹Galliae
223 1011 355 1069 civitates
388 1009 424 1069 de
457 1008 534 1069 bello
565 1007 785 1088 consultabant,
819 1010 940 1068 nuntios
972 1009 1194 1090 legationesque
1225 1014 1257 1072 in

83 1115 186 1156 omnes
209 1105 308 1175 partes
332 1097 518 1158 dimittebant
542 1104 580 1177 et,
604 1095 674 1174 quid
703 1096 812 1174 reliqui
841 1096 957 1156 consilii
985 1107 1140 1179 caperent,
1162 1108 1257 1178 ‘atque

83 1184 162 1245 unde
186 1187 302 1246 initium
324 1185 395 1246 belli
417 1187 512 1266 fieret,
535 1184 728 1264 explorabant
750 1192 955 1263 nocturnaque
979 1188 1010 1245 in
1033 1186 1106 1247 locis
1130 1188 1258 1248 desertis

10 1341 15 1349 ,
84 1273 207 1333 consilia
234 1273 388 1334 habebant.
434 1274 537 1352 Neque
571 1273 666 1334 ullum

696 1274 758 1333 lere
788 1275 881 1333 totius
910 1273 1016 1334 hiemis
1046 1285 1164 1355 tempus
1193 1279 1294 1338 sinen

83 1361 279 1423 sollicitudine
307 1363 441 1423 Caesaris
464 1364 644 1443 intercessit,
667 1363 740 1439 quin
758 1360 887 1439 aliquem
910 1362 946 1421 de
971 1363 1102 1424 consiliis
1122 1383 1155 1424 ac
1174 1372 1258 1424 motu

84 1450 234 1511 Gallorum
269 1454 407 1512 nuntium
444 1453 601 1530 acciperet.
654 1450 688 1510 ln
727 1449 774 1509 his
810 1448 846 1509 ab
883 1449 975 1510 Lucio
1007 1451 1131 1526 Roscio,
1165 1468 1293 1531 quemc

81 1539 191 1617 legioni
213 1538 280 1599 Xlll
301 1541 494 1619 praefecerat,
518 1542 629 1600 certior
652 1540 748 1599 lactus
770 1545 816 1598 est
839 1556 960 1617 magnas
980 1539 1133 1601 Gallorum
1156 1544 1257 1621 copias

84 1645 187 1687 earum
202 1630 361 1710 civitatum,
380 1647 456 1707 quae
470 1627 659 1688 Aremoricae
679 1626 874 1706 appellantur,
893 1629 1084 1706 oppugnandi
1102 1631 1148 1689 sui
1168 1648 1257 1691 causa

14 1736 16 1742 ·
81 1719 255 1776 convenisse
288 1735 384 1795 neque
422 1718 540 1796 longius
576 1716 655 1776 milia
687 1733 830 1795 passuum
860 1714 924 1774 Vlll
958 1715 993 1776 ab
1026 1716 1160 1777 hibernis
1192 1721 1291 1783 suisa

82 1805 200 1884 aluisse,
224 1805 276 1864 sed
299 1809 404 1866 nuntio
427 1806 513 1866 allato
537 1805 574 1865 de
597 1806 720 1864 victoria
744 1802 878 1864 Caesaris
906 1803 1095 1886 discessisse,
1126 1806 1198 1866 adeo
1222 1815 1256 1868 nt

83 1893 170 1970 lugae
194 1888 297 1953 similis
321 1892 470 1954 discessus
493 1894 654 1952 videretur.

171 1976 222 2041 54.
251 1980 289 2041 ht
316 1979 422 2042 Caesar
451 1980 636 2062 principibus
666 1981 811 2056 cuiusque
840 1979 967 2037 civitatis
995 1980 1031 2039 ad
1063 1999 1094 2040 se
1125 1984 1254 2042 evocatis

84 2068 154 2128 alias
177 2070 351 2149 territando,
376 2087 443 2131 cum
467 2087 498 2129 se
523 2071 614 2148 scire,
643 2084 717 2146 quae
741 2066 859 2140 fierent,
887 2066 1090 2148 denuntiaret,
1114 2069 1184 2129 alias
1208 2088 1256 2129 co-

80 2155 226 2216 hortando
245 2165 381 2235 magham
402 2166 518 2236 partem
537 2156 645 2216 Galliae
668 2157 699 2214 in
719 2153 816 2213 officio
836 2156 940 2214 tenuit.
980 2155 1092 2216 'lamen
1112 2157 1255 2239 Senones,
1274 2172 1290 2220 2

81 2261 156 2321 quae
181 2253 227 2304 est
249 2246 352 2306 civitas
370 2247 515 2324 imprimis
539 2245 623 2304 firma
642 2253 672 2304 et
695 2260 817 2321 magnae
841 2244 921 2302 inter
940 2242 1037 2304 Gallos
1061 2249 1255 2327 auctoritatiS,

80 2466 248 2536 Gonjunotiv
262 2474 430 2521 221ωηῖ-
445 2474 469 2522 3.
484 2467 637 2522 Fabium:

80 2537 158 2591 siche
185 2537 255 2591 iiber
282 2537 336 2591 den
363 2538 467 2592 Fabius
493 2555 515 2592 c.
534 2545 577 2593 47.
605 2571 639 2579 -

78 2609 152 2677 ipse
185 2637 219 2648 -
250 2608 337 2677 ipae:
375 2609 423 2663 des
454 2609 639 2664 Nachdruclrs

79 2695 187 2803 11121116
202 2679 638 2818 zhhtmdlesgeffihde-tonilpse:

78 2820 182 2875 trinis
204 2819 370 2874 hibernis:
399 2820 449 2874 der
466 2820 570 2888 Ablat,
589 2822 639 2874 ob·

80 2891 167 2945 sehon
193 2891 282 2943 durch
310 2891 373 2959 „in“
402 2908 437 2944 au
465 2892 638 2960 ubersetzen,

78 2962 117 3016 ist
139 2961 219 3015 nicht
241 2960 306 3016 Abl.
330 2960 378 3014 des
403 2960 496 3027 Ortes,
520 2961 639 3016 sondern

80 3033 130 3085 der
153 3032 208 3085 Art
235 3030 292 3084 und
318 3030 421 3085 Weise.
463 3029 539 3085 Statt
565 3031 639 3085 terni

79 3102 150 3156 wird
167 3102 215 3156 bei
231 3101 356 3156 Pluralia
374 3103 486 3155 tantum
505 3104 574 3158 stete
593 3101 639 3156 die

78 3173 164 3228 Form
181 3172 249 3226 trini
264 3173 435 3241 'gebraucht3
453 3172 528 3226 trina
547 3173 639 3227 castra

80 3244 142 3299 siud
161 3244 221 3298 drei
238 3244 342 3313 hager,
362 3242 429 3297 aber
446 3245 527 3297 terna
546 3244 639 3298 eastra

75 3314 105 3384 je
124 3314 184 3368 drei
198 3312 300 3383 hager.
320 3345 354 3355 -
378 3320 403 3368 4.
422 3314 637 3396 incommodo

79 3385 638 3511 coemendarumaa

78 3526 272 3580 sulcabant:
300 3528 371 3580 iiber
388 3526 433 3581 die
452 3525 567 3581 Bedent.
588 3528 637 3581 des

77 3597 228 3665 Frequent.
247 3602 357 3664 s.3,12
376 3613 410 3650 zu
428 3597 636 3652 afflictarentur.

79 3666 214 3734 -quid
239 3666 369 3736 reliqui
392 3666 545 3721 consilii:
572 3668 637 3721 reli-

78 3738 127 3805 qui
143 3737 181 3791 ist
195 3736 492 3806 Subjectsnominativ3
512 3737 558 3792 die
573 3738 638 3793 Gal·

10 3810 11 3816 ’
77 3808 138 3876 lier,
157 3808 202 3862 die
221 3808 312 3862 Buten
330 3807 482 3876 scbickten,
500 3808 637 3862 erforsch·

77 3881 125 3933 ten
145 3878 190 3934 die
207 3877 402 3948 Gesinnungen
424 3879 474 3933 der
487 3879 636 3948 Uebrigen.

78 3979 113 3988 -
139 3956 163 4004 5.
186 3950 305 4018 Neque
323 3949 431 4003 ullum
449 3980 483 3989 -
503 3949 637 4019 accipe·
667 3968 670 3972 ·

33 4078 36 4082 Α
77 4020 144 4074 ret:
163 4020 233 4074 iiber
249 4036 340 4089 neque
358 4020 448 4073 ullum
466 4038 487 4074 a.
507 4036 530 4075 c.
552 4026 583 4074 17
603 4039 638 4075 au

77 4107 168 4158 neque
190 4107 337 4158 umquam
365 4089 451 4145 feror
474 4090 543 4157 fast3
568 4091 638 4145 tiber

77 4160 123 4215 dic
153 4161 284 4231 Stellung
311 4177 332 4215 s.
357 4167 382 4228 3,
407 4167 440 4214 12
463 4160 578 4230 Anfang
604 4179 638 4214 au

78 4231 105 4285 d.
125 4232 183 4296 W.;
206 4233 318 4299 tempus
341 4232 432 4286 ubere.
453 4232 527 4285 nach
546 4238 575 4296 1,
593 4237 638 4298 44,

78 4308 107 4366 43
126 4301 219 4356 lerner
238 4301 349 4357 enthalt
366 4301 415 4355 der
430 4301 495 4355 Sata
514 4301 560 4356 ein
574 4301 637 4356 Bei-

78 4371 150 4442 apiel
172 4373 218 4426 fiir
241 4372 286 4427 die
304 4373 395 4428 Lehre
417 4387 473 4426 von
492 4371 562 4442 quin
579 4371 638 4426 und

692 2484 749 2522 von
763 2474 812 2522 der
826 2469 971 2525 conseant,
981 2470 1067 2537 temp.
1084 2469 1168 2537 (denn
1183 2469 1256 2524 ccci-

693 2541 773 2607 peret
791 2540 881 2593 libers.
901 2541 952 2593 wir
976 2539 1006 2592 in
1025 2540 1149 2594 salchem
1167 2540 1255 2608 Falla,

693 2625 789 2663 ausser
812 2609 900 2663 durch
925 2610 975 2662 das
994 2609 1160 2678 imperfect,
1183 2612 1256 2664 auch

694 2679 782 2733 durch
815 2680 865 2734 das
892 2679 1179 2748 Plusquamperfect);
1212 2697 1256 2734 so·

693 2750 769 2804 daun
787 2749 858 2803 wird
876 2748 935 2804 sine
956 2749 1144 2804 sollicitudine
1155 2749 1256 2804 Gaesa-

692 2820 730 2873 ris
749 2819 780 2872 in
798 2819 852 2873 den
870 2820 1029 2874 Nebensatz
1047 2821 1100 2874 mit
1118 2821 1198 2888 quin,
1225 2838 1255 2876 eo

693 2891 757 2944 dass
777 2889 863 2944 Casae
882 2888 997 2959 Subject
1015 2890 1098 2957 wird,
1121 2907 1255 2961 geaogen,

694 2960 768 3014 daun
783 2961 850 3014 aber
867 2961 972 3030 positiv
985 2960 1127 3015 iibersetzt
1143 2963 1256 3016 werden

692 3036 818 3099 mussen3
849 3031 906 3085 und
930 3031 1041 3086 endlich
1063 3032 1182 3086 beachte
1205 3032 1255 3087 das

692 3101 798 3156 vollerc
828 3102 967 3171 aliquem,
1000 3102 1051 3156 das
1083 3103 1135 3156 mit
1162 3103 1256 3156 Nach-

693 3172 779 3226 druck
799 3175 900 3243 gesagt
917 3173 969 3228 ist:
994 3189 1023 3227 es
1043 3174 1120 3227 steht
1138 3173 1255 3228 deshalb

692 3243 754 3296 hier
779 3244 847 3312 (und
872 3244 953 3298 nicht
976 3243 1088 3312 ullum),
1115 3245 1181 3298 weil
1205 3244 1268 3299 der·
1377 3292 1381 3300 .

693 3313 759 3367 Sata
777 3314 882 3383 positiv
900 3314 952 3382 ist,
973 3313 1046 3369 denn
1060 3330 1151 3384 neque
1165 3315 1256 3369 ullum

692 3414 726 3425 -
746 3383 814 3452 quin
833 3385 896 3454 gibt
915 3385 977 3440 eine
995 3384 1148 3455 Bejahuu‘g.
1171 3417 1205 3426 -
1229 3393 1253 3441 6.

692 3456 729 3509 In
747 3454 811 3510 his:
830 3456 875 3510 bis
893 3457 1017 3511 numlich
1035 3457 1153 3512 nuntiis:
1173 3459 1256 3512 unter

692 3527 806 3580 andern.
825 3557 859 3566 -
879 3543 1010 3582 aarum
1035 3527 1255 3583 civitatum

690 3597 781 3665 hbngt
797 3614 854 3651 von
872 3596 1017 3652 Gallorum
1039 3599 1083 3653 ab.
1107 3628 1141 3637 —
1166 3594 1254 3666 quae

691 3667 934 3736 appellantur:
953 3687 973 3724 s.
989 3674 1015 3735 2,
1029 3675 1047 3722 4
1060 3687 1094 3723 au
1108 3669 1254 3737 appellan-

690 3740 745 3792 tur.
769 3768 804 3777 -
829 3744 854 3794 7.
881 3738 1020 3808 longius
1048 3738 1148 3792 milia
1174 3754 1254 3806 pas·

692 3826 787 3862 suum
806 3810 896 3864 octo:
919 3809 1043 3878 Beispiel
1066 3809 1111 3862 hir
1128 3808 1254 3862 welcben

692 3879 959 3949 Sprachgebrauch?

727 3949 793 4018 Cap.
819 3955 862 4004 54.
891 3956 914 4004 1.
940 3949 1083 4004 aliar-
1101 3948 1205 4002 alias:
1232 3967 1253 4004 s.

692 4025 721 4086 2,
741 4026 774 4075 29
803 4039 837 4074 zu
864 4019 891 4073 d.
910 4019 954 4074 W.
979 4050 1012 4059 -·
1040 4018 1249 4074 territando

691 4093 835 4144 ubersetze
851 4091 922 4144 auch
937 4089 987 4143 das
1001 4089 1253 4158 Frequentaba—

692 4177 778 4228 quaa
805 4160 936 4214 fierent
968 4160 1041 4213 l'asst
1069 4160 1128 4213 sich
1161 4161 1252 4215 fibers.

691 4231 764 4284 nach
783 4236 812 4296 1,
831 4236 847 4284 3
871 4249 905 4284 zu
924 4247 995 4298 quae
1014 4261 1049 4270 -
1072 4231 1252 4299 pertinerent.

691 4331 726 4340 —
745 4306 770 4354 2.
789 4300 927 4355 Tamen:
949 4301 1026 4356 siehe
1045 4319 1067 4357 c.
1083 4307 1116 4356 35
1135 4319 1170 4356 an
1188 4302 1253 4356 dem

690 4369 782 4426 Wort.
800 4402 835 4411 -
854 4387 944 4442 quae
961 4375 1018 4427 est
1033 4372 1266 4427 cinthus-,bex-
