2804 4778
471 233 538 288 LlB.
558 233 618 288 VII.
647 233 724 288 CAP.
743 239 859 289 46-49.

1186 232 1251 297 237

78 403 215 462 centurio
241 399 367 478 legionis
390 398 473 478 Vlll.,
502 417 591 477 quem
617 401 696 460 inter
720 418 790 459 suos
814 418 850 459 eo
878 400 924 460 die
953 400 1062 459 dixisse
1090 398 1253 479 constabat,

78 491 202 550 excitari
230 506 262 548 se
285 486 514 548 Avaricensibus
541 489 681 566 praemiis
709 506 807 566 neque
836 490 1079 567 commissurum,
1107 496 1140 563 ut
1168 489 1253 566 prius

77 581 236 656 quisquam
265 594 385 636 murum
412 576 600 656 ascenderet,
628 585 690 637 tres
720 595 790 637 suos
814 586 918 637 nactus
942 575 1140 655 manipulares
1163 583 1252 655 atque

78 667 115 727 ab
138 668 175 725 iis
199 664 368 725 sublevatus
391 683 510 726 murum
529 666 675 726 ascendit:
697 665 752 725 hos
776 668 839 744 ipse
863 684 969 725 rursus
990 664 1122 742 singulos
1135 679 1251 744 ¹ancep-

78 765 145 815 tans
168 757 200 813 in
223 771 342 814 murum
367 753 479 813 extulit.

132 820 222 904 s48.
258 842 380 902 lntcrim
408 844 442 922 ii,
469 843 522 920 qni
549 842 586 902 ad
609 842 730 903 alteram
758 851 873 922 partem
897 841 1010 922 oppidi,
1032 848 1067 900 ut
1089 859 1179 920 supra
1203 841 1252 900 de·

78 933 323 1010 monstravimus,
351 932 524 991 munitionis
552 948 641 991 causa
669 939 882 1010 convenerant,
910 933 1006 1008 primo
1030 930 1167 990 exaudito
1197 929 1253 989 cla·

79 1039 179 1100 more,
211 1020 280 1079 inde
313 1021 401 1079 etiam
434 1018 549 1078 crebris
581 1022 694 1080 nuntiis
725 1022 853 1099 incitati,
891 1018 1032 1097 oppidum
1065 1036 1081 1077 a
1113 1018 1253 1078 Romanis

79 1111 191 1188 terreri,
205 1109 376 1187 praemissis
391 1106 542 1185 equitibus
556 1126 662 1186 magno
677 1125 826 1168 concursu
840 1127 875 1168 eo
890 1106 1117 1167 contenderunt.
1141 1106 1253 1166 Eorum
1273 1119 1289 1168 a

79 1199 263 1275 utquisque
286 1198 400 1274 primus
424 1203 558 1275 venerat,
582 1195 638 1257 sub
661 1214 747 1256 muro
771 1195 952 1256 consistebat
975 1212 1157 1272 suorumque
1180 1212 1253 1272 pug-

79 1288 215 1345 nantium
243 1302 401 1344 numerum
430 1282 563 1362 augebat.
611 1284 744 1356 Quorum
772 1303 841 1344 cunr
869 1302 973 1362 magna
1002 1281 1160 1343 multitudo
1184 1296 1289 1344 oon-3

82 1371 501 1454 venisset,matresfamiliae,
524 1391 599 1451 quae
622 1373 710 1452 paulo
734 1381 802 1434 ante
821 1373 961 1432 Romanis
985 1372 1021 1431 de
1040 1389 1127 1431 muro
1151 1389 1255 1430 manus

81 1461 256 1542 tendebant,
284 1479 354 1522 suos
378 1461 521 1521 obtestari
550 1469 581 1522 et
608 1480 691 1522 more
714 1461 824 1522 Gallico
852 1479 972 1540 passum
996 1459 1134 1539 capillum
1157 1467 1255 1519 osten·

82 1559 145 1610 tare
173 1550 343 1627 liberosque
366 1551 397 1609 in
421 1558 614 1628 conspectum
645 1551 781 1629 prolerre
805 1558 978 1629 coeperunt.
1023 1548 1096 1608 Erat
1118 1547 1293 1607 Romanis4

84 1657 140 1699 nec
169 1638 235 1698 loco
263 1656 319 1698 nec
347 1656 472 1698 numero
501 1656 595 1717 aequa
623 1641 788 1719 contenti03
816 1638 904 1700 simul
932 1647 962 1698 et
989 1655 1081 1698 cursu
1105 1645 1134 1696 et
1163 1638 1257 1715 spatio

84 1745 200 1806 pugnae
224 1726 376 1805 defatigati
398 1745 458 1786 non
481 1727 565 1786 facile
589 1737 727 1788 recentes
751 1736 839 1806 atque
862 1729 996 1805 integros
1019 1723 1213 1786 sustinebant.

174 1812 227 1875 49.
255 1813 371 1895 Caesar,
400 1833 467 1875 curn
495 1817 598 1894 iniquo
626 1815 692 1876 loco
720 1818 846 1895 pugnari
868 1815 1059 1892 hostiumque
1084 1815 1186 1891 augeri
1209 1829 1257 1872 co·

85 1906 149 1982 pias
177 1902 306 1983 uideret,
333 1911 542 1981 praemetuens
571 1906 633 1964 sois
657 1904 693 1963 ad
717 1905 817 1964 Titum
842 1903 976 1963 Sextium
1002 1901 1145 1981 legatum,
1170 1917 1258 1978 quem

83 1990 251 2051 minoribus
275 1993 381 2050 castris
403 1991 552 2069 praesidio
575 1991 750 2072 reliquerat,
773 1994 867 2071 misit,
890 1999 923 2050 ut
941 1989 1080 2050 cohortes
1099 2007 1134 2048 ex
1153 1989 1259 2048 castris

85 2079 225 2140 celeriter
243 2079 385 2139 educeret
404 2087 433 2139 et
452 2078 508 2138 sub
531 2081 633 2139 infimo
652 2080 726 2153 colle
746 2079 781 2139 ab
801 2081 905 2140 dextro
924 2078 1016 2138 latere
1039 2077 1171 2136 hostium
1189 2094 1258 2135 con-

12 2162 15 2168 ’
84 2171 238 2247 stitueret,
265 2177 313 2247 ut,
342 2170 367 2227 si
390 2174 509 2227 nostros
537 2166 602 2227 loco
626 2169 766 2248 depulsos
788 2167 923 2246 vidisset,
951 2184 1010 2244 quo
1038 2167 1137 2225 minus
1163 2163 1293 2226 liberer

82 2257 185 2317 hostes
218 2259 463 2335 insequerentur,
500 2263 638 2320 terreret.

693 2257 759 2335 lpse
792 2255 912 2335 paulum
945 2273 981 2314 ex
1015 2272 1049 2313 eo
1086 2253 1151 2313 loco
1189 2267 1292 2314 cuma

84 2344 201 2423 legione
224 2361 415 2424 progressus,
437 2342 490 2404 ubi
513 2347 700 2426 constiterat,
723 2352 862 2405 eventum
884 2336 1000 2423 pugnae
1024 2341 1222 2420 exspectabat.

83 2569 107 2605 c.
124 2556 157 2604 25
172 2567 221 2619 per
239 2566 337 2603 manus
355 2550 475 2605 traditas
492 2551 551 2605 und
570 2557 594 2620 6,
609 2557 644 2607 38

83 2638 134 2690 per
152 2637 249 2674 manus
267 2622 381 2674 tractus.
396 2652 430 2660 -
450 2628 474 2674 7.
494 2639 591 2690 quem
611 2653 643 2662 —-

84 2690 266 2746 constabat
289 2692 381 2746 iibers.
406 2691 480 2745 nach
505 2699 535 2761 2,
563 2700 576 2746 1
611 2711 645 2747 uu

82 2779 168 2830 quam
181 2792 214 2801 -
229 2761 396 2816 dixeramus.
407 2792 441 2802 -
456 2762 643 2818 Avaricen-

84 2832 179 2886 sibus
206 2830 383 2900 praemiis:
415 2832 484 2886 iiber
511 2833 562 2887 das
589 2833 644 2889 Aa·

79 2902 169 2972 jectis
188 2920 209 2957 s.
229 2909 258 2970 3,
278 2908 341 2970 5,2
366 2911 401 2955 'au
418 2903 540 2957 Nervico
562 2921 644 2972 proe-

83 2973 137 3040 lio;
161 2973 317 3027 ribersclae:
341 2973 430 3027 durch
453 2973 499 3026 dis
518 2992 553 3046 pu
571 2976 644 3030 Ava-

83 3043 173 3098 ricum
196 3043 416 3112 versprochenen
434 3043 643 3113 Belohnungen.

81 3146 118 3154 -
145 3114 413 3184 commissurum,
437 3116 487 3169 ut:
516 3133 536 3169 s.
558 3121 582 3184 1,
601 3120 645 3182 13,

86 3192 156 3268 inan
175 3185 201 3239 d.
220 3185 265 3239 W.
284 3185 407 3239 —tres
428 3202 507 3240 suos
526 3217 559 3226 -
578 3201 645 3240 ma-

83 3256 576 3408 ttutlttttattdtdtt.
590 3257 645 3382 lli}

83 3398 157 3464 (irai,
187 3397 232 3452 dre
257 3416 291 3452 zu
316 3414 421 3453 amnem
446 3398 572 3468 Manipel
596 3415 643 3469 ge-

84 3469 197 3535 hdrteu3
231 3468 280 3523 der
307 3470 407 3525 Aecus.
435 3470 543 3539 gesetut
570 3471 644 3524 ohne

84 3539 253 3605 Riiclrsioht,
276 3540 340 3595 dass
363 3540 440 3594 disse
458 3539 526 3595 Drei
545 3540 644 3595 Theile

83 3609 163 3665 einer
195 3615 326 3679 grossern
352 3610 540 3680 Abtheilung,
569 3610 645 3666 sines

83 3687 214 3750 grossam
227 3679 340 3735 (danaen
357 3697 460 3736 waren.
475 3712 509 3721 —
523 3697 645 3751 excep-

85 3755 176 3806 tans:
196 3751 273 3805 siehe
294 3752 418 3806 obenan
437 3751 590 3808 iactabant.

123 3891 189 3960 cap.
208 3897 251 3947 48.
272 3899 295 3947 1.
315 3893 483 3962 utsupra:
503 3910 526 3948 c
545 3899 589 3948 44.
611 3926 645 3934 -

85 3969 110 4016 2.
130 3963 167 4015 ut
188 3993 221 4003 —
246 3962 391 4032 quisque
413 3994 447 4003 -
477 3964 645 4020 consiste·

85 4033 157 4088 bat:
182 4033 213 4087 in
235 4034 285 4100 der
307 4033 502 4104 Raihenfolge,
530 4032 584 4090 wie
606 4035 646 4091 sie

84 4103 197 4172 kamen,
216 4105 331 4159 stellten
348 4105 388 4159 sie
401 4105 461 4160 sich
478 4106 530 4160 aul
540 4125 567 4161 u.
577 4125 598 4162 s.
611 4126 646 4162 w.

85 4173 283 4244 Vergl.3,12
307 4194 341 4229 zu
365 4193 428 4230 cum
450 4208 486 4217 -
504 4177 646 4232 incitaris-

87 4247 137 4301 set.
158 4276 191 4284 -
211 4253 235 4300 3.
253 4246 458 4302 tendebant:
481 4249 568 4302 noch
587 4250 647 4302 ent·

85 4317 334 4443 narratum
366 4317 647 4444 tratura·

697 2551 767 2621 perf.
787 2551 907 2631 gesetat,
926 2549 991 2604 weil
1010 2549 1096 2603 (iasar
1113 2547 1168 2629 deu
1186 2545 1259 2627 Zeit

697 2617 1259 2768 susurrationum

697 2763 804 2817 thuben.
819 2792 854 2801 -
870 2767 895 2814 4.
915 2759 1029 2814 simul:
1048 2758 1137 2812 durch
1151 2755 1258 2813 Berdes.

698 2864 732 2873 -
753 2831 867 2902 spatio
882 2856 916 2876 =
932 2829 1126 2898 diuturnitate,
1145 2828 1260 2896 langere

697 2904 798 2958 Dauer.
814 2933 848 2942 -
865 2919 930 2956 uon
947 2899 1065 2955 facile:
1085 2899 1161 2953 siehe
1177 2905 1202 2966 1,
1216 2903 1259 2967 39,

699 2980 713 3027 1
734 2991 768 3027 zu
785 2990 841 3027 non
859 2971 1045 3028 mediocriter.

734 3044 800 3114 Cap.
811 3050 854 3098 49.
870 3050 894 3098 1.
909 3041 1054 3113 pugnari
1070 3040 1128 3096 und
1141 3038 1261 3122 augeri

699 3117 758 3170 iibs.
777 3115 850 3169 nach
870 3121 894 3182 1,
913 3120 949 3168 44
967 3132 1000 3167 zu
1019 3111 1087 3182 geri.
1101 3142 1134 3151 -
1154 3127 1260 3166 mino·

698 3186 796 3240 ribus
817 3184 946 3240 castris
967 3183 1007 3238 ist
1028 3182 1107 3237 nicht
1124 3181 1187 3238 abl.
1211 3180 1260 3236 des

700 3255 789 3312 Ortes.
814 3287 849 3297 —
872 3255 932 3309 sub
950 3253 1070 3309 infimo
1089 3252 1195 3308 colle:
1218 3252 1260 3306 in·

698 3328 764 3382 fimo
791 3327 883 3382 ribers.
906 3326 979 3380 nach
1002 3331 1031 3393 1,
1050 3329 1084 3378 22
1113 3342 1148 3378 au
1169 3322 1261 3394 prima

697 3398 768 3454 luce.
787 3428 822 3455 -,-
841 3398 882 3453 ab
900 3398 1022 3451 dextro
1041 3426 1074 3436 —
1095 3395 1260 3450 hostium:

697 3469 790 3523 rechts
808 3485 875 3536 vom
893 3466 993 3535 Feind3
1016 3466 1099 3537 „dies
1122 3484 1182 3522 war
1200 3466 1260 3521 also

698 3557 745 3595 am
774 3539 921 3609 Eingange
954 3539 1004 3593 der
1031 3537 1181 3605 Schluoht,
1214 3535 1260 3590 die

699 3611 761 3665 sich
778 3627 825 3665 am
844 3610 1064 3665 Siidwestabhau
1086 3625 1102 3662 e
1124 3609 1174 3662 des
1193 3606 1260 3661 Ger-

719 3681 1064 3751 oviabergesnachdemo
1097 3677 1261 3732 eruthnten

698 3700 788 3808 locha
801 3751 1000 3807 hinaufzieht“.
1012 3781 1046 3791 -
1056 3755 1082 3805 2.
1096 3747 1260 3802 vidisset:

698 3823 750 3877 wir
763 3824 837 3878 auch
850 3823 895 3878 ein
909 3823 1025 3878 auderes
1040 3821 1136 3887 Temp.
1147 3848 1183 3857 —
1195 3834 1260 3886 quo

699 3889 1260 3961 minus-insequerentur,terre-

699 3968 763 4020 ret:
781 3963 906 4035 B'eispiel
927 3963 973 4017 fiir
996 3960 1041 4015 die
1065 3959 1278 4014 construction.

700 4053 755 4091 von
786 4039 904 4102 terrere;
941 4032 1058 4086 terreret
1091 4029 1168 4085 steht
1200 4031 1261 4085 ent·

699 4107 793 4163 weder
811 4105 930 4172 absolut,
950 4103 1017 4158 oder
1034 4118 1064 4156 es
1081 4101 1120 4155 ist
1138 4101 1194 4156 das
1205 4100 1260 4154 Ob-

697 4177 758 4247 ject
775 4177 847 4231 daun
865 4193 899 4229 zu
917 4179 1062 4243 arginusa.
1082 4202 1117 4212 -
1137 4171 1260 4226 libere:

700 4246 890 4317 ungehemmt.
906 4277 940 4284 -
960 4251 986 4299 3.
1000 4260 1212 4316 progressus:
1231 4242 1262 4296 in

702 4317 848 4373 derselben
869 4315 1003 4384 Absioht,
1026 4333 1074 4369 um
1097 4315 1151 4369 den
1173 4312 1261 4368 Feind

702 4406 748 4443 am
765 4387 921 4459 Verlolgeu
937 4406 974 4441 uu
987 4386 1128 4452 hisdem,
1141 4385 1209 4450 aab.
1220 4389 1273 4432 ux-
