2804 4778
458 236 526 291 ΗΒ.
545 236 593 292 v1.
622 237 699 292 car.
719 240 833 292 aa-ae.
1166 236 1229 302 189

61 403 274 484 consederunt3
304 421 378 482 quae
406 421 479 482 gens
502 402 536 463 ad
565 403 622 464 hoc
645 411 764 482 tempus
790 403 837 464 his
865 401 985 463 sedibus
1008 420 1074 464 sese
1098 406 1265 465 continete

63 511 266 571 summamque
296 491 386 552 habet
414 493 544 553 iustitiae
576 500 605 552 et
634 490 756 552 bellicae
786 491 881 552 laudis
913 493 1090 570 opinionem.
1144 485 1266 554 Nunc4

62 581 180 660 quidem
203 584 235 642 in
255 580 356 641 eadem
375 582 488 662 inopia,
511 588 641 660 egestate
664 583 864 660 patientiaque
885 579 1023 641 Germani
1045 590 1230 663 permanent,

59 671 162 731 eodem
186 672 266 731 rictu
289 679 320 730 et
343 669 424 731 cultu
449 672 582 749 corporis
605 676 744 750 utuntur3
778 668 866 729 Gallis
890 677 989 731 autem
1011 671 1265 747 provinciarumtt

58 761 264 838 propinquitas
298 767 328 819 et
358 761 623 820 transmarinarum
654 776 757 818 rerum
789 760 893 819 notitia
925 756 1016 818 multa
1046 758 1082 818 ad
1114 761 1229 838 copiam

58 857 146 924 atque
176 865 248 908 usus
275 847 413 926 largitur,
444 847 584 925 perdatim
612 848 770 908 assuefacti
804 849 939 924 superari
970 845 1130 925 multisque
1160 849 1265 911 victio

57 936 180 1016 proeliis
203 954 240 996 ne
265 954 296 996 se
320 936 440 1014 quidem
463 938 520 1016 ipsi
544 936 692 997 cumillis
714 938 824 997 virtute
849 942 1030 1014 comparant.

150 1038 201 1103 25.
225 1041 321 1102 Huius
339 1041 504 1122 Hercyniae
528 1042 630 1122 silvae,
654 1060 728 1121 quae
752 1060 842 1121 supra
866 1040 1065 1102 demonstrata
1090 1050 1144 1123 est,
1165 1042 1229 1104 lati·

57 1132 130 1193 tudo
162 1150 267 1191 novem
300 1131 415 1191 dierum
446 1133 504 1191 iter
532 1130 668 1209 expedito
699 1139 798 1209 patet:
836 1148 896 1190 non
928 1133 1006 1190 enim
1035 1130 1119 1191 aliter
1151 1132 1231 1191 liniri

58 1215 182 1301 potest‚‘
194 1238 291 1298 neque
315 1237 470 1279 mensuras
493 1221 634 1279 itinerum
658 1227 811 1279 noverunt.
851 1218 954 1280 Oritur
973 1219 1009 1278 ab
1028 1219 1230 1281 Helvetiorum
1248 1233 1265 1281 a

61 1319 91 1371 et
114 1310 272 1370 Nemetum
300 1316 330 1369 et
352 1308 549 1368 Rauricornm
576 1306 685 1367 linibus
712 1316 852 1385 rectaque
880 1307 1010 1368 lluminis
1033 1307 1158 1369 Danuvii
1184 1327 1230 1370 re·

59 1402 150 1478 gione
173 1400 305 1476 pertinet
328 1397 363 1456 ad
386 1397 460 1456 iines
483 1395 630 1456 Dacorum
655 1403 684 1455 et
706 1396 873 1475 Anartium3
896 1395 966 1456 hinc
989 1415 1021 1457 se
1044 1397 1137 1458 ilectit
1160 1399 1265 1459 sini-tt

59 1496 195 1549 strorsus
219 1486 344 1545 dirersis
367 1484 402 1545 ab
426 1485 547 1545 flumine
571 1483 742 1564 regionibus
760 1484 979 1564 multarumque
1002 1489 1134 1566 gentium
1156 1487 1231 1547 fines
1308 1526 1322 1551 .

59 1584 184 1657 propter
207 1560 449 1653 magnitudinem
463 1575 592 1653 attingit3
620 1592 717 1652 neque
746 1576 903 1652 qnisquam
925 1583 971 1635 est
998 1575 1087 1636 huius
1110 1575 1229 1637 Germa·
1248 1589 1266 1638 4

58 1668 139 1744 niae,
169 1666 275 1741 quise
300 1670 351 1724 aut
378 1663 473 1722 adisse
498 1662 534 1722 ad
561 1664 679 1723 initium
703 1664 767 1722 eius
791 1662 880 1722 silvae
904 1662 994 1744 dicat,
1022 1681 1089 1724 cum
1113 1664 1230 1725 dierum

60 1757 120 1814 iter
142 1751 193 1810 LX
215 1753 409 1830 processerit,
432 1759 482 1812 aut
506 1770 565 1830 quo
588 1769 625 1811 ex
647 1751 712 1811 loco
736 1753 861 1832 oriatur,
885 1753 1046 1832 acceperit3
1078 1752 1265 1831 mrdtaqueo

58 1845 91 1904 in
120 1859 154 1900 ea
182 1857 291 1918 genera
319 1840 449 1899 ferarum
477 1842 559 1901 nasci
586 1848 715 1920 constat,
743 1858 818 1918 quae
849 1839 972 1917 reliquis
999 1841 1030 1898 in
1063 1839 1136 1900 locis
1168 1844 1230 1901 visa

59 1948 120 1990 non
145 1930 216 2008 sint3
240 1926 409 2005 exquibus
433 1946 507 2006 quae
531 1931 655 1989 maxime
680 1927 817 1987 dillerant
839 1925 875 1987 ab
895 1929 1003 1987 ceteris
1022 1935 1052 1987 et
1071 1931 1229 1988 memoriae

61 2016 213 2098 prodenda
236 2015 405 2097 rideantur,
427 2016 500 2077 haec
523 2024 601 2076 sunt.

58 2208 141 2260 lese“
166 2205 338 2259 iibersetzen.
367 2235 400 2244 -
433 2210 458 2258 3,
484 2203 525 2257 ad
557 2203 619 2258 hoc
673 2203 751 2257 stelit
769 2201 837 2270 sein,
854 2203 912 2273 rgl.
931 2202 999 2256 aber
1017 2209 1042 2270 3,
1062 2209 1078 2259 6
1096 2221 1130 2256 zu
1147 2219 1182 2261 nc
1200 2203 1230 2258 in

59 2280 206 2345 tempus:
233 2295 253 2330 s.
273 2295 321 2330 zur
339 2275 547 2344 Uehersetzung
563 2292 619 2330 ron
672 2274 741 2329 locis
760 2273 873 2343 quidem
891 2273 1087 2343 superioribus.

59 2352 171 2416 tempus
196 2353 226 2413 1,
248 2353 296 2413 44,
323 2353 354 2412 43
379 2346 415 2400 ad
437 2345 619 2416 hoctempus
709 2345 776 2414 (lap.
799 2349 841 2399 25.
881 2351 904 2398 1.
932 2345 1012 2400 iter:
1037 2347 1153 2400 Accua.
1181 2346 1231 2401 der

59 2418 216 2487 entspricht
238 2418 310 2472 auch
334 2433 476 2472 unserem:
502 2416 545 2472 bis
571 2417 622 2471 auf
671 2415 869 2484 Auodehnung.
898 2445 931 2455 -
963 2416 1153 2485 expedito:
1185 2417 1230 2472 fiir

59 2506 142 2544 unsre
168 2489 253 2558 Tage.
279 2519 312 2528 —
339 2488 393 2542 his
418 2487 557 2543 sedibus
583 2516 617 2527 -
672 2486 760 2554 einen,
776 2486 825 2540 der
839 2487 890 2555 gut
902 2504 937 2540 zu
948 2487 1017 2541 Fusa
1027 2487 1073 2556 ist,
1091 2489 1136 2541 fiir
1149 2487 1230 2543 einen

59 2559 228 2615 continet:
256 2577 276 2616 s.
299 2559 370 2614 iiber
392 2559 419 2613 d.
441 2558 504 2612 Abl.
524 2563 554 2624 2,
574 2563 617 2625 11,
670 2557 1230 2629 gntenFussgiinger‚esisteinfreierge·

59 2639 85 2686 2.
106 2662 139 2672 -
158 2638 183 2688 4.
201 2630 295 2685 Nunc
314 2630 464 2699 quidem:
482 2629 618 2684 welchem
671 2627 820 2683 brauchter
837 2627 932 2682 Dativ.
953 2628 1100 2685 commodi.
1136 2630 1229 2684 Achn-
1252 2634 1253 2637 ’

58 2703 157 2757 Worte
182 2703 220 2756 ist
248 2719 323 2756 nunc
353 2701 619 2770 entgegengesetztt
671 2697 729 2753 lich
746 2699 784 2753 ist
802 2699 893 2753 dieser
911 2697 1058 2753 Gebrauch
1075 2699 1124 2753 des
1144 2700 1230 2756 Datir

58 2774 151 2829 Ueber
169 2774 282 2840 quidem
301 2792 321 2827 s.
338 2779 362 2838 1,
373 2777 453 2840 53,6.
484 2772 539 2825 Fdr
557 2771 618 2840 qui-
671 2769 718 2824 bei
735 2768 1053 2838 Localbestimmungen.
1079 2769 1144 2838 Vgl.
1163 2770 1229 2827 bell.

59 2846 124 2898 dem
142 2844 204 2912 gibt
228 2845 253 2897 d.
272 2844 317 2897 W.
336 2845 369 2896 A.
388 2841 476 2910 quod,
500 2858 530 2896 so
553 2843 618 2896 dass
672 2840 745 2896 civil.
760 2846 786 2906 3,
805 2845 840 2892 80
860 2839 1007 2893 coniuncto
1026 2841 1148 2894 exercitu
1162 2842 1230 2896 Cae-

59 2916 111 2967 der
132 2915 273 2968 Naehsatz
295 2913 349 2966 mit
371 2911 508 2980 paulatim
527 2928 618 2966 assue-
671 2927 718 2966 sar
744 2909 888 2979 Gomphos
915 2911 1054 2979 pervenit,
1082 2911 1157 2979 quod
1187 2915 1231 2967 est

59 2985 129 3038 facti
151 2984 277 3053 beginnt.
313 2982 480 3037 Ausserdem
502 2981 548 3035 fiir
569 2999 618 3051 pa·
671 2981 806 3051 oppidum
830 2980 952 3049 primum
970 2981 1131 3037 Thessaliae
1153 2984 1230 3037 veni-

58 3053 229 3122 tientiaque:
248 3054 395 3123 patientia,
414 3069 471 3122 qua
491 3054 564 3106 ante.
584 3083 617 3092 -
671 3050 783 3107 entibus
802 3053 858 3120 (fiir
876 3053 935 3121 die,
958 3053 1063 3108 welche
1086 3053 1229 3122 kommen)

58 3124 372 3193 inopia‚iegestate:
388 3123 619 3179 ersteresMittel·
672 3123 708 3177 ab
716 3123 811 3192 Epiro.
825 3154 859 3163 -
879 3124 989 3194 patet:
1008 3124 1145 3181 erstreckt
1160 3123 1230 3193 sich,

57 3195 117 3250 und
139 3194 354 3265 Hiilflosigkeit‚
378 3196 468 3251 dieses
491 3194 618 3264 Dtirftig-
672 3195 759 3249 dehnt
782 3194 843 3249 sich
867 3212 925 3251 ans.
948 3225 982 3237 -
1005 3195 1116 3249 finiri:
1141 3195 1228 3265 vergi.

57 3268 128 3323 keit.
152 3297 186 3307 -
211 3267 468 3336 patientiaque:
497 3265 616 3332 (teodald,
672 3282 695 3321 c.
725 3271 765 3319 18.
794 3295 827 3306 —
855 3282 1042 3320 mensurasr
1073 3265 1152 3320 nicht
1183 3266 1229 3322 die

58 3338 224 3410 geduldiges
250 3338 390 3409 Ertragen
417 3337 494 3392 eines
520 3337 618 3392 mithe-
670 3337 855 3405 Berechnung
890 3337 963 3390 nach
994 3335 1135 3393 Schritten
1171 3338 1230 3393 und

58 3411 155 3465 vollen
177 3410 294 3465 Lebens.
314 3440 348 3450 -
372 3409 488 3464 eodem
510 3409 618 3464 victu:
673 3406 795 3463 Stadien.
819 3438 853 3446 —
878 3413 903 3462 2.
927 3408 1089 3476 rectaque
1119 3440 1150 3448 -
1176 3425 1230 3462 re·

59 3499 81 3535 s.
102 3487 130 3547 ἢ,
150 3487 166 3534 6
189 3499 223 3534 au
245 3481 386 3550 cupidum.
405 3511 438 3521 -
463 3486 487 3536 5.
507 3478 617 3534 Gallis
671 3479 784 3548 gione:
807 3478 921 3548 regione
944 3479 1006 3533 hier
1027 3479 1085 3533 und
1107 3478 1148 3534 im
1165 3479 1230 3534 Fol-

60 3553 187 3606 autem:
202 3551 248 3606 die
259 3552 370 3608 Gallien
383 3551 463 3606 nicht
476 3551 618 3606 verlassen
672 3549 781 3619 genden
798 3549 960 3619 regionibus
973 3549 1004 3603 in
1018 3550 1108 3605 seiner
1121 3549 1229 3605 Grund-

58 3622 160 3678 haben.
171 3653 205 3662 -
217 3622 489 3691 provinciarum:
504 3621 617 3675 derbei-
647 3664 653 3668 .
671 3620 1230 3690 bedeutun321tiohtung‚uinie;fiuminis

60 3695 115 3748 den
138 3692 248 3747 Gallica
271 3693 400 3748 diesseits
422 3691 485 3746 und·
499 3691 618 3761 jenseite
671 3692 761 3746 iibere.
775 3693 849 3746 nach
859 3698 883 3759 1,
893 3698 909 3746 2
919 3710 953 3746 nu
965 3692 1045 3760 regni
1059 3692 1149 3761 cupid.
1160 3709 1185 3746 a
1195 3721 1228 3731 -

59 3766 110 3820 der
138 3764 238 3833 Alpen.
262 3794 296 3803 -
319 3762 560 3833 propinquitas
585 3765 620 3817 et
672 3768 697 3816 4.
722 3762 821 3817 huius
850 3763 1065 3818 Germaniae:
1099 3763 1125 3819 d.
1153 3762 1171 3816 i.
1199 3761 1230 3815 in

60 3868 93 3876 —
109 3835 242 3891 notitia
261 3865 295 3875 -
312 3835 477 3904 largitur:
496 3833 619 3903 Beispiel
672 3832 776 3887 diesem
789 3833 972 3902 (westlichen)
987 3833 1086 3887 Tbeile
1099 3849 1153 3886 von
1164 3831 1230 3886 Ger·

59 3908 103 3961 fiir
121 3907 229 3962 welche
247 3905 353 3976 Regel?
390 3905 484 3974 Vergl.
503 3902 619 3959 hiermit
670 3904 791 3973 marien,
809 3905 840 3959 in
857 3905 992 3959 walchem
1007 3905 1068 3958 sich
1083 3903 1168 3957 Casas·
1181 3902 1229 3957 be-

59 3984 85 4047 5,
104 3984 137 4032 27
157 3978 277 4046 Anfang.
296 4007 330 4016 -
349 3977 389 4030 ad
408 3975 540 4045 copiam
566 3977 617 4030 at·
670 3975 766 4031 findet.
793 4007 826 4016 -
852 3974 910 4044 qui
935 4005 969 4014 -
1000 3974 1109 4028 dicat:
1140 3973 1230 4028 woftir

59 4066 124 4117 que
155 4067 245 4103 usus:
274 4066 338 4101 num
364 4047 533 4102 Wohlstend
560 4046 619 4101 und
672 4047 717 4102 ein
735 4046 926 4117 Beispiel?‚—
946 4046 986 4099 ad
1005 4045 1156 4098 initium:
1175 4045 1230 4099 ini-

59 4122 114 4174 den
144 4119 315 4174 mancherlei
346 4118 550 4176 Bediirinissen.
583 4147 617 4159 -
671 4117 743 4173 tium
762 4118 811 4172 der
829 4115 947 4175 dstliche
961 4116 1074 4185 Anfang
1087 4116 1137 4170 des
1150 4115 1230 4169 Wal-

60 4199 84 4246 6.
110 4191 279 4260 paulatim
311 4189 516 4244 assuefacti:
549 4189 619 4245 iiber
672 4184 1229 4254 des.—cum=nicht„da“.—dccii·

59 4262 110 4317 das
134 4262 297 4332 Asyndeton
322 4279 343 4314 s.
371 4268 400 4330 1,
425 4267 460 4315 20
484 4279 519 4315 nu
545 4277 619 4330 quae
672 4261 742 4322 stat
759 4256 850 4312 iibere.
869 4257 1031 4313 adverbiell.
1051 4287 1084 4296 -
1104 4255 1176 4312 sint
1194 4287 1229 4297 -

59 4335 140 4402 agat,
166 4333 333 4402 quibuscum
356 4332 496 4400 loquatur.
520 4362 554 4372 -
577 4349 617 4387 ne
672 4328 898 4384 differant-
922 4332 956 4382 et
978 4358 1012 4369 -
1030 4328 1228 4383 videanturr

60 4421 94 4458 se
113 4434 146 4446 -
164 4404 245 4473 ipsi:
268 4403 324 4473 ipsi
347 4403 429 4459 sollte
453 4403 552 4459 andere
569 4419 617 4473 ge·
671 4401 721 4455 der
736 4399 833 4455 druna
846 4399 896 4455 der
905 4399 1104 4470 Conjunctive?
1120 4429 1154 4440 -
1167 4415 1229 4455 me·
