2804 4778
161 224 204 289 28
563 224 611 278 Db]
630 223 749 278 BELLO
770 221 927 279 GALLICO

160 411 198 452 ne
223 393 289 470 quis
313 392 489 470 enuntiaret,
513 392 570 450 nisi
594 389 702 468 quibus
726 391 875 450 communi
899 388 1022 450 consilio
1049 389 1218 450 mandatum
1243 399 1333 472 esset,

161 483 240 541 inter
264 499 295 540 se
319 489 487 540 sanxerunt.

250 566 300 630 31.
323 568 367 628 Eo
397 568 522 628 concilio
550 566 672 628 dimisso
706 567 784 627 idem
813 569 963 646 principes
991 568 1155 646 civitatum,
1183 569 1332 659 quiante

162 659 286 731 fuerant,
310 658 345 717 ad
369 657 525 717 Caesarem
548 665 737 717 reverterunt
759 658 982 735 petieruntque,
1006 657 1050 716 uti
1072 653 1130 715 sibi
1153 664 1270 716 secreto
1295 655 1331 716 de

127 759 142 806 2
162 764 214 807 sua
237 748 428 825 omniumque
448 745 542 805 salute
566 763 633 805 cum
653 763 688 804 eo
712 763 798 823 agere
822 745 934 805 liceret.
970 743 1012 804 Ea
1035 746 1243 823 reimpetrata
1265 763 1332 804 sese

161 853 264 895 omnes
294 835 400 895 ilentes
432 834 558 894 Caesari
580 833 615 894 ad
647 833 740 913 pedes
768 835 972 913 proiecerunt:
1012 831 1078 892 Non
1112 835 1210 893 minus
1241 851 1273 893 se
1302 832 1332 893 id

161 924 341 984 contendere
366 931 396 983 et
418 921 561 1002 laborare,
585 941 623 982 ne
647 941 689 1003 ea,
714 940 788 1000 quae
807 922 961 1002 dixissent,
983 923 1219 1002 enuntiarentur,
1243 940 1333 1000 quam

162 1015 206 1073 uti
229 1031 276 1093 ea,
301 1029 376 1090 quae
399 1010 519 1086 vellent,
548 1013 754 1091 impetrarent,
783 1018 942 1090 propterea
970 1010 1063 1090 quod,
1091 1013 1116 1069 si
1144 1013 1332 1071 enuntiatum

126 1109 255 1182 aesset,
283 1118 432 1160 summum
460 1102 491 1160 in
519 1102 683 1160 cruciatum
713 1118 744 1160 se
773 1108 915 1160 venturos
942 1098 1085 1159 viderent.
1131 1098 1263 1160 Locutus
1287 1109 1333 1160 est

161 1208 217 1268 pro
237 1189 283 1248 his
302 1187 462 1249 Diuitiaene
480 1188 613 1249 Aeduus:
632 1187 740 1248 Galliae
759 1190 850 1249 totius
869 1189 1012 1248 factiones
1031 1205 1097 1247 esse
1116 1188 1203 1248 duas:
1225 1187 1334 1249 harum

127 1277 285 1338 salterius
316 1279 515 1356 principatum
546 1285 649 1338 tenere
680 1275 810 1357 Aeduos,
840 1276 961 1338 alterius
993 1277 1150 1337 Arvernos.
1195 1275 1233 1336 Hi
1263 1295 1334 1338 curn

163 1374 317 1445 tantopere
341 1364 377 1425 de
400 1374 554 1444 potentatu
578 1369 656 1426 inter
680 1385 712 1426 se
734 1365 843 1426 multos
867 1383 960 1425 annos
978 1364 1203 1446 contenderent,
1221 1366 1334 1426 sactum

162 1472 238 1534 esse,
263 1457 305 1514 uti
328 1453 364 1513 ab
388 1454 527 1515 Arvernis
552 1454 755 1533 Sequanisque
776 1453 914 1514 Germani
938 1453 1075 1514 mercede
1098 1463 1333 1515 arcesserentur.

126 1542 274 1604 allorum
308 1545 404 1623 primo
438 1546 558 1603 circiter
591 1543 669 1604 milia
698 1541 749 1601 XV
781 1542 919 1603 Rhenum
951 1544 1108 1603 transisse:
1139 1550 1335 1622 posteaquam

162 1650 248 1710 agros
271 1640 301 1692 et
324 1631 436 1692 cultum
460 1640 491 1693 et
513 1634 612 1711 copias
636 1631 786 1692 Gallorum
812 1631 948 1692 homines
976 1632 1031 1691 feri
1055 1649 1088 1691 ac
1117 1630 1235 1692 barbari
1265 1632 1333 1692 ada·

161 1729 304 1800 massent,
333 1719 484 1781 traductos
507 1720 624 1799 plures':
652 1739 731 1781 nunc
759 1738 825 1780 esse
854 1722 884 1779 in
908 1719 999 1780 Gallia
1022 1718 1057 1779 ad
1082 1729 1202 1780 centum
1226 1730 1256 1781 et
1279 1720 1334 1780 XX

127 1823 142 1871 6
162 1809 275 1869 milium
299 1827 465 1869 numerum.
508 1809 581 1870 Cum
604 1809 651 1870 his
670 1809 787 1869 heduos
807 1827 970 1887 eorumque
989 1809 1113 1868 clientes
1132 1808 1224 1869 semel
1243 1817 1333 1888 atque

161 1900 270 1958 iterum
303 1900 392 1957 armis
424 1897 625 1978 contendisse;
654 1915 788 1977 magnam
816 1897 1010 1958 calamitatem
1039 1897 1142 1976 pulsos
1172 1900 1336 1979 accepisse,

162 2004 279 2046 omnem
303 1985 499 2068 nobilitatem,
528 2005 645 2047 omnem
674 1995 822 2066 senatum,
851 2004 968 2046 omnem
996 1988 1161 2064 equitatum
1189 1989 1333 2048 amisisse.

128 2074 276 2145 hilaribus
299 2075 421 2155 proeliis
444 2075 718 2155 calamitatibusque
742 2077 867 2156 fractos,
891 2077 942 2154 qui
966 2084 996 2135 et
1019 2093 1072 2134 sua
1094 2077 1204 2135 virtute
1228 2085 1258 2136 et
1280 2094 1334 2157 po·

160 2163 223 2242 puli
241 2163 366 2224 Romani
389 2164 518 2244 hospitio
537 2172 625 2243 atque
645 2166 772 2224 amicitia
789 2164 951 2244 plurimum
970 2173 1037 2224 ante
1059 2165 1090 2223 in
1110 2161 1202 2224 Gallia
1219 2166 1334 2244 potuis·

134 2270 136 2274 ⁴
162 2261 242 2331 sent,
270 2261 388 2312 coactos
412 2271 477 2313 esse
503 2252 647 2331 Sequanis
675 2252 793 2313 obsides
820 2251 891 2312 dare
920 2251 1119 2313 nobilissimos
1147 2255 1273 2314 civitatis
1303 2263 1334 2314 et

162 2340 353 2401 iureiurando
382 2343 530 2401 civitatem
559 2340 758 2422 obstringere,
786 2359 851 2401 sese
880 2359 977 2419 neque
1005 2339 1123 2400 obsides
1150 2344 1337 2420 repetituros

162 2446 259 2506 neque
283 2428 424 2488 arrailium
448 2447 463 2488 a
486 2429 596 2508 populo
619 2429 751 2489 Romano
773 2429 984 2509 imploraturos
1013 2447 1108 2510 neque
1132 2439 1338 2514 recusaturos,

163 2535 222 2594 quo
253 2519 350 2577 minus
385 2526 531 2596 perpetuo
562 2517 617 2578 sub
648 2517 766 2578 illorum
801 2517 916 2578 dicione
949 2527 1037 2596 atque
1067 2520 1192 2596 imperio
1223 2529 1337 2582 essent.

126 2618 143 2668 8
162 2603 260 2666 Unum
280 2624 312 2666 se
336 2624 402 2666 esse
421 2624 457 2666 ex
481 2608 560 2666 omni
584 2608 702 2667 civitate
720 2605 899 2687 Aeduorum,
918 2608 969 2685 qui
987 2604 1093 2666 adduci
1112 2624 1172 2667 non
1191 2610 1338 2687 potuerit,

163 2830 244 2884 sollte
264 2832 315 2885 etc.
335 2862 368 2872 -
389 2831 600 2886 enuntiaret:
621 2829 720 2900 Objeot
773 2831 841 2885 tur:
860 2829 911 2884 wir
932 2830 1021 2886 lieber
1039 2830 1089 2885 das
1107 2830 1334 2901 leqnamperf.

161 2901 200 2955 ist
217 2901 267 2956 das
286 2901 316 2956 in
330 2902 605 2972 derVersammlung
618 2921 652 2956 au
665 2903 720 2957 Be·
773 2932 806 2942 -
822 2906 847 2957 5.
863 2901 992 2972 copias:
1007 2901 1052 2956 die
1066 2901 1179 2956 reichen
1193 2902 1336 2957 Vonone

162 2972 357 3029 schliessende.
773 2975 821 3041 (an
848 2972 1087 3042 Lehensmitteln).
1112 3003 1147 3013 -
1174 2979 1199 3028 6.
1227 2974 1335 3029 semel

197 3042 261 3113 Cap.
286 3050 329 3099 31.
359 3051 383 3100 1.
405 3044 494 3098 idem
514 3069 548 3090 =
571 3044 665 3100 iidem.
685 3075 718 3084 -
773 3044 878 3113 atque
904 3045 1041 3099 iterum:
1070 3061 1103 3098 au
1131 3043 1336 3100 wiederholten

162 3115 308 3168 secreto=
328 3115 400 3169 ohne
418 3114 543 3184 Zengen,
563 3115 627 3169 d.h.
646 3116 719 3170 ohne
773 3114 874 3170 Malen.
908 3146 941 3154 -
974 3115 1078 3170 armis
1111 3116 1334 3172 contendere:

162 3184 227 3238 dass
250 3184 369 3239 Jemand
397 3185 513 3240 anderes
536 3184 578 3240 als
603 3185 643 3238 sie
665 3186 722 3241 und
776 3201 882 3239 warum
906 3185 945 3240 ist
968 3185 1053 3239 armis
1077 3185 1272 3256 hinzugefdgt‚
1297 3187 1336 3242 da

163 3251 249 3308 Casar
273 3255 465 3324 gegenwartig
489 3255 549 3310 sein
573 3255 664 3310 sollte.
689 3287 722 3296 -
777 3272 806 3310 es
834 3255 1012 3311 nnr’ibereetzt
1038 3256 1150 3311 bleiben
1177 3257 1270 3311 kann?
1299 3289 1334 3300 -

162 3331 188 3379 2.
212 3325 247 3379 id
270 3326 477 3381 contendere
496 3329 529 3381 et
551 3327 722 3381 laborare:
776 3343 928 3395 magnam
974 3327 1217 3382 calamitatem
1262 3329 1335 3385 wird

161 3396 206 3449 ihr
230 3395 350 3450 Streben
372 3397 429 3451 und
451 3396 513 3450 ihre
537 3396 623 3466 Sorge
650 3398 722 3466 gehe
777 3397 865 3451 durch
883 3396 927 3452 die
945 3398 1097 3469 folgenden
1110 3400 1208 3453 Worte
1223 3417 1336 3456 omnem

163 3466 257 3522 dahin.
299 3496 332 3506 -
369 3467 426 3521 Far
461 3467 630 3522 dixissent
665 3469 723 3523 nnd
775 3467 954 3523 nobilitatem
969 3473 1021 3524 eto.
1037 3471 1124 3525 uther
1143 3470 1283 3528 erlautert.
1299 3503 1336 3512 -

163 3536 380 3591 enuntiatum
398 3540 490 3593 esset
512 3539 563 3593 wir
581 3538 654 3593 auch
677 3539 723 3594 ein
777 3538 1334 3622 [fractomgbnaliohgembertum.—

162 3607 277 3663 anderes
309 3609 440 3677 Tempus.
472 3640 507 3650 -
543 3625 597 3678 ea,
630 3626 722 3678 quae
776 3609 1167 3681 qui:sie,d1e(d00h).-
1194 3614 1337 3669 coactos

162 3678 295 3733 vellent
313 3680 423 3734 enthhlt
437 3679 721 3736 einSubst.-ven-
776 3698 862 3737 esser
886 3682 1004 3738 heachte
1027 3683 1081 3738 den
1103 3682 1155 3738 inf.
1174 3683 1246 3738 nach
1268 3684 1336 3739 dem

162 3752 271 3804 turos:
296 3752 435 3820 entgegen
452 3751 551 3820 gehen.
572 3783 605 3793 —
629 3752 721 3808 vide·
775 3752 887 3810 Relativ
906 3753 1016 3823 quibus.
1036 3785 1069 3795 —
1094 3754 1336 3811 nobilissimos

162 3823 253 3875 rent:
272 3821 335 3876 hlar
349 3821 448 3891 sbhen,
467 3822 721 3879 d.hrieherwiiss-
774 3823 812 3878 iat
830 3823 1002 3881 Substantia.
1021 3857 1054 3866 -
1073 3841 1182 3894 neque
1201 3841 1336 3881 recusa·

162 3894 297 3947 tem-3.
312 3909 371 3962 pro
386 3892 720 3952 hiezinderenNamen.
774 3896 881 3963 turos,
907 3912 971 3965 quo
995 3896 1116 3951 minus:
1141 3895 1265 3966 Beispiel
1289 3897 1337 3952 fni

163 3993 197 4002 -
227 3963 377 4019 Galliaer
409 3964 459 4018 des
491 3963 654 4020 keltischen.
686 3996 720 4006 -
775 3965 829 4020 den
847 3967 994 4022 Gehranch
1011 3983 1067 4023 von
1086 3982 1141 4037 quo
1159 3967 1264 4033 minus3
1284 3968 1335 4022 da-

162 4033 395 4104 principatnm
419 4037 551 4091 tenere:
579 4035 625 4090 die
648 4035 721 4090 Fan·
775 4036 828 4090 mit
850 4036 907 4107 vgl.
927 4044 955 4104 3,
976 4044 1010 4092 22
1033 4037 1139 4107 qui-
1163 4039 1236 4094 mori
1254 4055 1336 4094 reon-

162 4121 207 4159 rer
224 4105 296 4174 sein,
321 4123 357 4161 an
376 4107 425 4161 der
444 4106 537 4176 Spitze
560 4107 667 4161 sichen.
687 4138 720 4146 -
776 4107 1158 4178 seret—dicioneatque
1172 4109 1335 4179 imperio:

162 4182 187 4231 4.
197 4179 379 4245 potentatu
388 4203 422 4224 ==
438 4177 609 4248 principatu;
622 4179 720 4248 poten·
776 4178 845 4232 zuei
862 4194 1013 4248 synonyme
1027 4179 1148 4250 Begriffe
1163 4180 1335 4250 verbunden,

161 4249 238 4302 tatus
264 4249 303 4302 ist
326 4267 378 4302 nur
402 4248 464 4303 hier
485 4266 541 4305 von
564 4247 648 4304 Citam
674 4266 721 4318 ge·
774 4267 823 4302 um
841 4249 891 4304 das
910 4251 1082 4322 abhingige,
1100 4250 1336 4322 untergeordnete

160 4320 284 4374 brancht.
302 4350 335 4358 —
349 4319 477 4374 lactum
493 4336 565 4376 esse
580 4320 656 4374 kann
670 4339 720 4374 un·
774 4320 951 4376 Verh'atltnise
971 4322 1067 4377 scharf
1086 4324 1280 4379 hervortreten
1299 4341 1337 4378 zu

144 4387 292 4442 abessent
309 4388 432 4447 bleiben.
451 4423 482 4431 -
506 4409 722 4450 arcesseren·
775 4392 883 4448 lassen:
906 4391 952 4448 die
972 4393 1050 4448 rothe
1069 4393 1132 4447 und
1151 4410 1239 4461 ganne
1251 4393 1339 4446 neu-
