2804 4778
484 222 551 277 LIB.
570 222 604 277 Π.
634 221 711 276 OAP.
734 227 845 277 12—15.
899 230 906 236 ’
1209 221 1250 286 61

78 391 233 452 Caesarem
257 389 380 451 tendere
404 396 434 449 et
457 406 527 448 voce
552 389 718 468 significare
742 396 915 468 coeperunt,
938 405 1004 448 sese
1028 390 1059 448 in
1078 391 1144 449 eius
1162 388 1251 448 fidem

78 499 111 540 ac
134 485 312 558 potestatem
336 479 436 537 venire
466 495 563 556 neque
587 484 690 537 contra
713 477 856 556 populum
879 475 1045 537 Romanum
1068 479 1158 537 armis
1182 495 1251 537 con-

78 567 210 628 tendere.
251 566 335 642 item,
358 583 427 626 error
450 565 485 625 ad
510 565 652 644 oppidum
675 567 850 626 accessisset
873 573 1030 643 castraque
1053 564 1096 625 ibi
1117 573 1253 645 poneret,
1272 577 1288 625 3

76 658 163 735 pueri
191 655 391 733 mulieresque
420 672 455 715 ex
488 671 575 715 muro
601 655 697 733 passis
725 653 862 715 manibus
891 671 945 714 suo
975 671 1057 713 nrore
1084 670 1188 732 pacem
1216 652 1253 713 ab

77 744 218 804 Romanis
240 745 401 823 petierunt.

169 829 218 894 14.
242 830 301 890 Pro
320 831 367 892 his
386 830 547 891 Divitiacus
570 823 652 912 (narn
675 839 744 909 post
762 830 928 891 discessum
946 828 1105 909 Belgarum
1123 830 1253 890 dimissis

78 919 248 981 Aeduorum
272 921 365 999 copiis
389 919 424 979 ad
449 936 518 979 enm
547 912 725 1000 reverterat)
750 920 819 979 iacit
847 916 951 979 verba:
978 917 1150 978 Bellovacos
1173 919 1288 978 omnia

77 1017 212 1089 tempore
236 1010 267 1068 in
290 1006 347 1068 tide
371 1017 460 1086 atque
484 1008 612 1067 amicitia
635 1008 763 1068 civitatis
781 1006 901 1068 Aeduae
924 1007 1030 1067 inisse:
1053 1006 1197 1085 impulsos
1217 1005 1253 1065 ab
1273 1019 1288 1067 3

78 1100 140 1157 suis
168 1095 369 1176 principibus,
396 1097 448 1174 qui
463 1095 614 1155 *dicerent
641 1094 760 1155 Aeduos
792 1095 828 1155 ab
857 1093 982 1156 Caesare
1014 1097 1045 1155 in
1078 1097 1253 1155 servitutem

78 1185 215 1245 redactos
237 1202 341 1244 omnes
364 1182 555 1262 indignitates
578 1183 832 1262 contumeliasque
855 1183 1004 1262 perferre,
1030 1191 1060 1243 et
1083 1181 1119 1242 ab
1143 1181 1253 1242 Aeduis

80 1274 224 1333 deiecisse
257 1281 289 1333 et
317 1271 428 1350 populo
460 1271 593 1331 Romano
620 1270 731 1333 tellum
761 1272 907 1333 intulisse.
954 1271 1012 1342 nui
1039 1273 1104 1332 eius
1137 1269 1289 1332 consiliio

77 1363 230 1441 principes
253 1362 391 1440 luissent,
414 1359 492 1439 quod
516 1359 737 1441 intellegerent,
761 1368 900 1437 quantam
924 1359 1119 1421 calamitatem
1142 1360 1252 1420 civitat*

79 1449 261 1529 intulissent,
284 1451 315 1509 in
333 1447 516 1512 Britanniam
538 1449 715 1528 profugisse.
755 1447 861 1509 Petere
881 1467 940 1508 non
960 1447 1055 1509 solum
1074 1446 1253 1527 Bellovacos,
1273 1462 1289 1509 o

81 1537 133 1598 sed
157 1540 247 1598 etiam
268 1555 325 1616 pro
351 1537 399 1598 his
421 1536 552 1617 Aeduos,
580 1544 614 1597 ut
642 1555 695 1597 sua
723 1537 878 1598 clementia
906 1556 940 1598 ae
968 1536 1195 1597 mansuetudine
1222 1538 1254 1595 in

80 1645 132 1686 eos
157 1634 267 1686 utatur.
314 1625 400 1696 Quod
423 1627 450 1685 si
473 1625 592 1705 iecerit,
615 1624 786 1687 Aeduorum
814 1628 1020 1686 auctoritatem
1048 1624 1125 1704 apud
1150 1639 1289 1687 omnest

79 1714 186 1793 Belgas
210 1713 470 1793 amplificaturum3
494 1731 622 1791 quorum
646 1713 761 1773 auxiliis
790 1723 879 1791 atque
903 1712 1023 1793 opibrrS,
1049 1716 1074 1773 si
1097 1730 1154 1790 qua
1177 1710 1254 1772 bella

78 1804 246 1884 inciderint,
270 1809 438 1862 sustentare
462 1803 636 1862 consuerint

171 1888 219 1951 15.
245 1889 352 1950 Caesar
380 1890 502 1950 honoris
526 1888 660 1950 Divitiaci
688 1897 776 1968 atque
799 1889 971 1950 Aeduorum
1000 1907 1089 1949 cansa
1111 1906 1177 1949 sese
1202 1906 1253 1948 eos

79 1982 111 2040 in
141 1979 230 2039 sidem
261 1986 455 2058 recepturum
486 1985 516 2038 et
548 1983 794 2038 conservaturum
826 1976 912 2057 dixit3
946 1975 1024 2055 quod
1055 1984 1120 2037 erat
1150 1976 1253 2036 civitas

80 2085 186 2147 magna
209 2070 289 2127 inter
307 2065 411 2145 Belgas
435 2067 612 2126 auctoritate
630 2072 719 2143 atque
742 2064 895 2133 hominnm
914 2063 1104 2126 multitudine
1122 2071 1252 2143 praesta·

82 2155 142 2236 bat,
165 2163 323 2215 sexcentos
345 2153 464 2214 obsides
486 2154 631 2232 poposcit.
671 2151 724 2212 His
747 2151 863 2212 traditis
886 2151 1084 2231 omnibusque
1108 2154 1197 2212 armis
1217 2170 1251 2210 er
1271 2167 1287 2215 2

80 2243 190 2322 oppido
221 2240 334 2302 collatis
362 2241 457 2301 abeo
486 2241 551 2301 loco
574 2242 605 2301 in
633 2241 708 2301 finos
730 2239 943 2302 Ambianorum
969 2243 1117 2320 pervenit,
1146 2242 1252 2318 quise

83 2349 196 2409 suaque
221 2331 318 2389 omnia
341 2332 405 2389 sine
428 2347 511 2389 mora
534 2327 720 2389 dediderunt.
765 2329 877 2390 Eorum
904 2329 979 2389 finos
1006 2329 1108 2389 Nervii
1129 2330 1252 2406 attinge·
1272 2345 1288 2392 3

81 2419 166 2499 bant3
191 2435 318 2496 quorum
341 2417 378 2477 de
407 2424 512 2478 natura
540 2416 732 2496 moribusque
779 2416 886 2478 Caesar
914 2436 983 2477 cum
1010 2425 1181 2496 quaereret,
1209 2418 1251 2476 sic

79 2607 125 2661 die
142 2605 343 2676 Hinzuiiigung
361 2624 381 2662 s.
402 2613 426 2674 1,
446 2612 471 2660 6.
491 2635 524 2645 -
543 2620 639 2660 voce:
693 2605 903 2660 multitudinem
926 2605 993 2660 oder
1015 2606 1080 2667 fibo„
1098 2605 1172 2659 nach
1192 2609 1215 2671 1,
1235 2609 1252 2658 8

77 2678 131 2731 mit
153 2677 277 2733 Worten.
305 2705 339 2718 ·-
367 2677 471 2732 ermis
499 2678 639 2731 conten·
692 2695 727 2730 zu
745 2676 1174 2744 quam-constituerat—d.
1193 2690 1252 2728 sua

78 2749 173 2803 dere:
201 2747 272 2802 iiber
294 2747 380 2802 armis
403 2765 423 2802 s.
450 2754 478 2814 1,
501 2753 517 2800 2
541 2765 576 2801 zu
597 2746 639 2800 in·
692 2747 807 2801 belone:
832 2746 908 2800 scine
931 2746 1106 2814 (belamuto),
1129 2745 1175 2798 die
1193 2744 1252 2800 ihm

77 2820 185 2873 ductus.
210 2848 243 2857 -
268 2834 342 2872 sese
368 2847 401 2859 -
424 2817 556 2872 venire:
579 2817 639 2871 sich
693 2816 939 2886 eigenthiimliche.
966 2847 999 2855 -
1030 2817 1164 2869 utatur:
1190 2831 1252 2869 ver-

76 2890 212 2957 begeben.
248 2888 345 2943 Damit
367 2887 424 2956 vgl.
443 2895 475 2956 3,
496 2893 528 2942 17
551 2887 639 2942 hosti·
692 2887 780 2941 lehre.
796 2917 831 2928 -
850 2892 875 2940 6.
894 2885 1030 2941 fecerit:
1049 2885 1100 2940 wir
1114 2885 1186 2938 auch
1204 2901 1252 2938 an-

78 2961 132 3013 bus
156 2959 187 3013 in
213 2957 450 3028 contemptionem
474 2957 578 3012 venire.
605 2987 639 2996 -—
693 2957 758 3012 dere
797 2957 944 3026 Tempore.
983 2986 1017 2996 -
1055 2956 1267 3010 sustentare·

78 3037 103 3084 3.
131 3029 242 3098 passis
270 3029 438 3083 menibus:
466 3027 519 3082 mit
541 3043 638 3152 onage
693 3028 769 3082 steht
792 3027 933 3082 entweder
956 3028 1023 3095 aba,
1047 3027 1106 3080 sich
1125 3025 1254 3080 aufreeht

80 3100 221 3154 breiteten
260 3101 380 3169 Armen,
423 3098 549 3154 Geberde

78 3170 249 3225 Flehenden.
270 3202 302 3212 —
328 3187 366 3226 ex
383 3186 491 3225 muro:
515 3185 571 3224 von
589 3168 639 3224 der
694 3168 829 3238 (nemlioh
847 3168 941 3237 belle).
956 3199 989 3208 -
1006 3167 1205 3223 consuerint
1219 3193 1253 3213 =

76 3241 174 3296 Meuer
192 3258 250 3297 aus.
693 3239 814 3307 soleant,
843 3239 967 3299 ntmlich
993 3238 1098 3306 Aedni3
1127 3255 1156 3293 es
1183 3238 1253 3293 itast

113 3311 179 3382 Cap.
201 3318 242 3366 14.
266 3318 291 3366 2.
314 3312 348 3365 in
370 3311 442 3366 fide
461 3342 496 3352 -
514 3311 637 3366 fuisse:
692 3311 752 3366 sich
770 3313 830 3366 iibs.
849 3311 921 3365 nach
940 3316 965 3379 1,
985 3316 999 3363 i
1019 3329 1053 3364 zu
1071 3311 1202 3365 maturat.

78 3383 108 3436 in
121 3386 215 3437 treuer
223 3382 428 3438 Freundschait
437 3413 470 3422 —
482 3381 638 3452 gestanden

77 3455 178 3508 haben.
207 3482 240 3492 -
269 3460 294 3507 3.
323 3453 480 3508 dicerent
506 3452 560 3507 wie
586 3451 636 3506 das
727 3451 766 3507 Ca
787 3494 793 3507 .
814 3457 856 3508 15.
883 3457 907 3506 1.
925 3451 1068 3506 honoris
1086 3453 1146 3506 iibs.
1165 3451 1253 3505 dnrch

76 3522 170 3592 gleich
212 3523 342 3594 folgende
382 3523 637 3592 intellegerent
691 3522 741 3578 dea
775 3521 1252 3590 eitwort.—infidemrecep-

77 3595 137 3646 iibs.
161 3594 213 3647 wir
236 3593 324 3648 durch
347 3593 397 3647 dea
415 3593 636 3662 Plusquamperf.
690 3596 815 3648 turum:
840 3593 871 3647 in
888 3593 983 3648 seinen
1002 3593 1104 3648 Schutz
1123 3593 1252 3660 nehmen,

78 3692 111 3702 -—
132 3679 246 3718 omnes
264 3662 511 3732 indignitates:
535 3663 591 3718 alle
609 3681 636 3718 n.
690 3664 721 3718 in
738 3664 856 3719 Gnaden
874 3664 1038 3718 ennehmen.
1059 3693 1092 3702 —-
1113 3679 1253 3717 conser-

75 3733 142 3803 jede
160 3733 213 3786 Art
235 3749 290 3789 von
314 3732 492 3802 unwiirdiger
509 3733 637 3788 Behaud·
691 3737 863 3789 voturnm:
882 3733 1072 3804 begnadigen,
1087 3734 1182 3788 Leben
1195 3731 1253 3786 und

78 3805 153 3873 lung.
177 3835 213 3844 -
234 3804 405 3873 perferre:
430 3807 573 3873 ertrngm,
594 3821 637 3869 er·
690 3805 815 3859 Freiheit
845 3805 1012 3859 demandam
1043 3803 1192 3858 schenken.
1218 3832 1252 3842 —

77 3875 182 3930 dulden
208 3877 348 3942 miiosten;
379 3891 461 3930 wenn
489 3876 638 3944 „miissen“
692 3875 783 3944 quod
814 3877 903 3929 eret:
935 3875 986 3929 das
1017 3874 1181 3944 Asyndeton
1212 3873 1252 3926 im

77 3964 130 3999 nur
148 3964 197 4000 zur
214 3945 440 4014 Umschreibnng
461 3943 553 4013 dient,
576 3945 641 4000 dari
692 3945 848 4016 Gegensatz
873 3945 1040 4014 begriindet
1067 3973 1102 3983 -
1130 3949 1154 3998 2.
1170 3942 1253 3997 'sine

78 4033 106 4071 es
124 4017 164 4070 im
181 4016 243 4072 Lat.
257 4017 336 4071 nicht
353 4017 495 4072 dbersetzt
512 4016 636 4081 werdem
692 4033 797 4072 more:
812 4015 1040 4071 olcheiteres.
1055 4045 1088 4054 -
1103 4019 1129 4068 3.
1144 4014 1252 4069 attin·

609 3114 639 3153 er
692 3099 804 3166 holten,
832 3097 899 3153 oder
925 3097 1070 3152 transitio:
1104 3097 1253 3151 abwehren

77 4106 99 4140 z.
118 4087 150 4142 Β.
170 4087 251 4143 doleo
273 4088 320 4143 ich
343 4104 420 4141 mnas
443 4087 584 4143 bedanern
603 4111 637 4133 ι-
692 4087 834 4158 gebent:
860 4103 926 4140 man
946 4086 1077 4140 erwartet
1095 4084 1145 4138 das
1164 4084 1252 4152 Pras,

76 4158 122 4212 ich
140 4158 271 4214 bedente.
299 4157 394 4228 Vergl.
409 4174 432 4214 c.
448 4163 482 4212 22
502 4176 536 4212 zu
549 4157 636 4213 Ende.
691 4158 764 4213 doch
787 4157 864 4211 steht
887 4157 936 4210 das
954 4155 1065 4226 imperi.
1084 4173 1132 4209 um
1151 4173 1186 4208 zu
1204 4156 1252 4209 be-

78 4259 111 4269 -
127 4234 151 4282 4.
162 4228 226 4294 nui
239 4259 272 4268 —-
287 4228 447 4283 fuissent:
462 4228 508 4283 die
522 4228 637 4284 Bitdela-
692 4228 838 4296 zeichnen,
857 4226 910 4281 wie
925 4243 954 4280 es
968 4226 1029 4281 sich
1041 4226 1121 4293 fand,
1141 4226 1183 4280 als
1202 4226 1252 4281 das

77 4299 179 4354 fiihrer.
199 4331 231 4342 -
257 4301 420 4368 quantam
438 4330 472 4340 —
495 4299 637 4354 intulis·
691 4297 822 4352 Eruthlte
849 4314 900 4351 vor
928 4296 988 4352 sich
1015 4296 1091 4367 ging.
1119 4329 1152 4338 -
1178 4314 1253 4352 cum

77 4370 154 4424 sent
172 4371 261 4426 iibere.
281 4371 354 4425 nach
372 4376 397 4438 2,
414 4375 431 4423 4
449 4372 584 4439 quantam
603 4400 637 4410 -
692 4369 875 4438 quaereret
891 4367 1130 4435 {inenuntium
1142 4386 1186 4419 rm
1194 4369 1264 4417 nen·
