<?xml version="1.0" encoding="UTF-8"?>
<!DOCTYPE html PUBLIC "-//W3C//DTD XHTML 1.0 Transitional//EN"
    "http://www.w3.org/TR/xhtml1/DTD/xhtml1-transitional.dtd">
<html xmlns="http://www.w3.org/1999/xhtml" xml:lang="en" lang="en">
 <head>
  <title>
</title>
<meta http-equiv="Content-Type" content="text/html;charset=utf-8" />
  <meta name='ocr-system' content='tesseract 3.04.00' />
  <meta name='ocr-capabilities' content='ocr_page ocr_carea ocr_par ocr_line ocrx_word'/>
</head>
<body>
  <div class='ocr_page' id='page_1' title='image "./ciuliicaesarisc00dobegoog_0184.png"; bbox 0 0 2804 4778; ppageno 0'>
   <div class='ocr_carea' id='block_1_1' title="bbox 176 215 941 302">
    <p class='ocr_par' dir='ltr' id='par_1_1' title="bbox 176 176 941 302">
     <span class='ocr_line' id='line_1_1' title="bbox 176 215 941 302; baseline -0.02 -17"><span class='ocrx_word' id='word_1_1' title='bbox 176 221 239 284; x_wconf 84' lang='lat'><strong>162</strong></span> <span class='ocrx_word' id='word_1_2' title='bbox 578 218 627 272; x_wconf 83' lang='lat' dir='ltr'><strong>ou</strong></span> <span class='ocrx_word' id='word_1_3' title='bbox 645 217 765 272; x_wconf 80' lang='lat' dir='ltr'><strong>annno</strong></span> <span class='ocrx_word' id='word_1_4' title='bbox 784 215 941 302; x_wconf 74' lang='lat' dir='ltr'><strong>cantico</strong></span> 
     </span>
    </p>
   </div>
   <div class='ocr_carea' id='block_1_2' title="bbox 106 381 1359 2407">
    <p class='ocr_par' dir='ltr' id='par_1_2' title="bbox 106 381 1359 2407">
     <span class='ocr_line' id='line_1_2' title="bbox 137 381 1351 464; baseline -0.004 -17"><span class='ocrx_word' id='word_1_5' title='bbox 137 389 210 448; x_wconf 88' lang='lat' dir='ltr'><strong>4ad</strong></span> <span class='ocrx_word' id='word_1_6' title='bbox 235 386 390 446; x_wconf 90' lang='lat' dir='ltr'><strong>Caesarem</strong></span> <span class='ocrx_word' id='word_1_7' title='bbox 413 384 536 445; x_wconf 84' lang='lat' dir='ltr'><strong>deierat.</strong></span> <span class='ocrx_word' id='word_1_8' title='bbox 581 383 641 444; x_wconf 92' lang='lat' dir='ltr'><strong>llas</strong></span> <span class='ocrx_word' id='word_1_9' title='bbox 656 461 658 464; x_wconf 10' lang='lat' dir='ltr'>y</span> <span class='ocrx_word' id='word_1_10' title='bbox 671 383 720 443; x_wconf 89' lang='lat' dir='ltr'><strong>ille</strong></span> <span class='ocrx_word' id='word_1_11' title='bbox 748 385 780 443; x_wconf 92' lang='lat' dir='ltr'><strong>in</strong></span> <span class='ocrx_word' id='word_1_12' title='bbox 803 382 899 443; x_wconf 91' lang='lat' dir='ltr'><strong>iaculo</strong></span> <span class='ocrx_word' id='word_1_13' title='bbox 922 382 1048 460; x_wconf 88' lang='lat' dir='ltr'><strong>illigatas</strong></span> <span class='ocrx_word' id='word_1_14' title='bbox 1071 383 1172 464; x_wconf 90' lang='lat' dir='ltr'><strong>ellert,</strong></span> <span class='ocrx_word' id='word_1_15' title='bbox 1196 391 1225 442; x_wconf 89' lang='lat' dir='ltr'><strong>et</strong></span> <span class='ocrx_word' id='word_1_16' title='bbox 1249 381 1351 442; x_wconf 83' lang='lat' dir='ltr'>Gallus</span> 
     </span>
     <span class='ocr_line' id='line_1_3' title="bbox 174 469 1351 552; baseline -0.003 -16"><span class='ocrx_word' id='word_1_17' title='bbox 174 478 253 536; x_wconf 92' lang='lat' dir='ltr'><strong>inter</strong></span> <span class='ocrx_word' id='word_1_18' title='bbox 284 473 380 534; x_wconf 82' lang='lat' dir='ltr'><strong>Gallos</strong></span> <span class='ocrx_word' id='word_1_19' title='bbox 409 475 473 533; x_wconf 90' lang='lat' dir='ltr'><strong>sine</strong></span> <span class='ocrx_word' id='word_1_20' title='bbox 502 472 561 533; x_wconf 92' lang='lat' dir='ltr'><strong>ulla</strong></span> <span class='ocrx_word' id='word_1_21' title='bbox 589 474 758 552; x_wconf 86' lang='lat' dir='ltr'><strong>suspicione</strong></span> <span class='ocrx_word' id='word_1_22' title='bbox 789 481 923 531; x_wconf 87' lang='lat' dir='ltr'><strong>versatus</strong></span> <span class='ocrx_word' id='word_1_23' title='bbox 956 470 991 530; x_wconf 88' lang='lat' dir='ltr'><strong>ad</strong></span> <span class='ocrx_word' id='word_1_24' title='bbox 1020 469 1177 531; x_wconf 90' lang='lat' dir='ltr'><strong>Caesarem</strong></span> <span class='ocrx_word' id='word_1_25' title='bbox 1204 473 1351 550; x_wconf 82' lang='lat' dir='ltr'><strong>pervenit.</strong></span> 
     </span>
     <span class='ocr_line' id='line_1_4' title="bbox 139 559 1111 640; baseline -0.005 -17"><span class='ocrx_word' id='word_1_26' title='bbox 139 563 218 623; x_wconf 79' lang='lat' dir='ltr'><strong>5rlb</strong></span> <span class='ocrx_word' id='word_1_27' title='bbox 243 581 277 622; x_wconf 91' lang='lat' dir='ltr'><strong>eo</strong></span> <span class='ocrx_word' id='word_1_28' title='bbox 302 563 338 622; x_wconf 92' lang='lat' dir='ltr'><strong>de</strong></span> <span class='ocrx_word' id='word_1_29' title='bbox 362 561 504 640; x_wconf 90' lang='lat' dir='ltr'><strong>periculis</strong></span> <span class='ocrx_word' id='word_1_30' title='bbox 528 560 680 621; x_wconf 84' lang='lat' dir='ltr'><strong>Ciceronis</strong></span> <span class='ocrx_word' id='word_1_31' title='bbox 703 559 888 638; x_wconf 86' lang='lat' dir='ltr'><strong>legionisque</strong></span> <span class='ocrx_word' id='word_1_32' title='bbox 913 561 1111 638; x_wconf 80' lang='lat' dir='ltr'><strong>cognoscitur.</strong></span> 
     </span>
     <span class='ocr_line' id='line_1_5' title="bbox 263 647 1351 728; baseline -0.003 -18"><span class='ocrx_word' id='word_1_33' title='bbox 263 648 316 710; x_wconf 85' lang='lat'><strong>46.</strong></span> <span class='ocrx_word' id='word_1_34' title='bbox 340 649 447 710; x_wconf 91' lang='lat' dir='ltr'><strong>Caesar</strong></span> <span class='ocrx_word' id='word_1_35' title='bbox 471 651 600 728; x_wconf 85' lang='lat' dir='ltr'><strong>acceptis</strong></span> <span class='ocrx_word' id='word_1_36' title='bbox 623 649 731 709; x_wconf 91' lang='lat' dir='ltr'><strong>litteris</strong></span> <span class='ocrx_word' id='word_1_37' title='bbox 755 649 832 713; x_wconf 88' lang='lat' dir='ltr'><strong>hora</strong></span> <span class='ocrx_word' id='word_1_38' title='bbox 847 650 968 708; x_wconf 88' lang='lat' dir='ltr'><strong>circiter</strong></span> <span class='ocrx_word' id='word_1_39' title='bbox 986 647 1143 707; x_wconf 88' lang='lat' dir='ltr'><strong>undecima</strong></span> <span class='ocrx_word' id='word_1_40' title='bbox 1166 647 1225 707; x_wconf 87' lang='lat' dir='ltr'><strong>diei</strong></span> <span class='ocrx_word' id='word_1_41' title='bbox 1250 650 1351 708; x_wconf 90' lang='lat' dir='ltr'><strong>statim</strong></span> 
     </span>
     <span class='ocr_line' id='line_1_6' title="bbox 175 736 1350 816; baseline -0.003 -16"><span class='ocrx_word' id='word_1_42' title='bbox 175 742 313 800; x_wconf 89' lang='lat' dir='ltr'><strong>nuntium</strong></span> <span class='ocrx_word' id='word_1_43' title='bbox 341 740 372 798; x_wconf 91' lang='lat' dir='ltr'><strong>in</strong></span> <span class='ocrx_word' id='word_1_44' title='bbox 401 737 571 798; x_wconf 88' lang='lat' dir='ltr'><strong>Bellovacos</strong></span> <span class='ocrx_word' id='word_1_45' title='bbox 603 737 639 796; x_wconf 93' lang='lat' dir='ltr'><strong>ad</strong></span> <span class='ocrx_word' id='word_1_46' title='bbox 671 737 708 796; x_wconf 90' lang='lat' dir='ltr'><strong>M.</strong></span> <span class='ocrx_word' id='word_1_47' title='bbox 738 736 878 797; x_wconf 82' lang='lat' dir='ltr'><strong>Crassum</strong></span> <span class='ocrx_word' id='word_1_48' title='bbox 911 743 1100 814; x_wconf 85' lang='lat' dir='ltr'><strong>quaestorem</strong></span> <span class='ocrx_word' id='word_1_49' title='bbox 1129 738 1233 816; x_wconf 89' lang='lat' dir='ltr'><strong>mittit,</strong></span> <span class='ocrx_word' id='word_1_50' title='bbox 1264 739 1350 796; x_wconf 92' lang='lat' dir='ltr'><strong>cuius</strong></span> 
     </span>
     <span class='ocr_line' id='line_1_7' title="bbox 140 823 1350 904; baseline -0.003 -16"><span class='ocrx_word' id='word_1_51' title='bbox 140 828 300 888; x_wconf 76' lang='lat' dir='ltr'><strong>thiberna</strong></span> <span class='ocrx_word' id='word_1_52' title='bbox 330 826 453 886; x_wconf 93' lang='lat' dir='ltr'><strong>aberant</strong></span> <span class='ocrx_word' id='word_1_53' title='bbox 482 824 518 885; x_wconf 92' lang='lat' dir='ltr'><strong>ab</strong></span> <span class='ocrx_word' id='word_1_54' title='bbox 549 844 585 886; x_wconf 91' lang='lat' dir='ltr'><strong>eo</strong></span> <span class='ocrx_word' id='word_1_55' title='bbox 615 825 694 885; x_wconf 86' lang='lat' dir='ltr'><strong>milia</strong></span> <span class='ocrx_word' id='word_1_56' title='bbox 727 843 870 904; x_wconf 87' lang='lat' dir='ltr'><strong>passuum</strong></span> <span class='ocrx_word' id='word_1_57' title='bbox 897 823 988 904; x_wconf 72' lang='lat' dir='ltr'>xxv,</span> <span class='ocrx_word' id='word_1_58' title='bbox 1020 823 1103 884; x_wconf 90' lang='lat' dir='ltr'><strong>iubet</strong></span> <span class='ocrx_word' id='word_1_59' title='bbox 1133 825 1229 884; x_wconf 88' lang='lat' dir='ltr'><strong>media</strong></span> <span class='ocrx_word' id='word_1_60' title='bbox 1262 833 1350 885; x_wconf 91' lang='lat' dir='ltr'><strong>nocte</strong></span> 
     </span>
     <span class='ocr_line' id='line_1_8' title="bbox 175 911 1350 996; baseline -0.003 -20"><span class='ocrx_word' id='word_1_61' title='bbox 175 917 323 996; x_wconf 84' lang='lat' dir='ltr'><strong>legionem</strong></span> <span class='ocrx_word' id='word_1_62' title='bbox 354 915 503 994; x_wconf 89' lang='lat' dir='ltr'><strong>proficisci</strong></span> <span class='ocrx_word' id='word_1_63' title='bbox 534 913 730 992; x_wconf 88' lang='lat' dir='ltr'><strong>celeriterque</strong></span> <span class='ocrx_word' id='word_1_64' title='bbox 763 915 799 972; x_wconf 90' lang='lat' dir='ltr'><strong>ad</strong></span> <span class='ocrx_word' id='word_1_65' title='bbox 828 931 859 972; x_wconf 93' lang='lat' dir='ltr'><strong>se</strong></span> <span class='ocrx_word' id='word_1_66' title='bbox 892 915 1001 972; x_wconf 89' lang='lat' dir='ltr'><strong>venire.</strong></span> <span class='ocrx_word' id='word_1_67' title='bbox 1048 911 1117 972; x_wconf 84' lang='lat' dir='ltr'><strong>Exit</strong></span> <span class='ocrx_word' id='word_1_68' title='bbox 1146 931 1215 991; x_wconf 85' lang='lat' dir='ltr'><strong>cum</strong></span> <span class='ocrx_word' id='word_1_69' title='bbox 1245 915 1350 973; x_wconf 91' lang='lat' dir='ltr'><strong>nuntio</strong></span> 
     </span>
     <span class='ocr_line' id='line_1_9' title="bbox 140 1000 1350 1080; baseline -0.003 -15"><span class='ocrx_word' id='word_1_70' title='bbox 140 1004 311 1065; x_wconf 84' lang='lat' dir='ltr'><strong>3Crassus.</strong></span> <span class='ocrx_word' id='word_1_71' title='bbox 357 1002 491 1063; x_wconf 77' lang='lat' dir='ltr'><strong>Alterum</strong></span> <span class='ocrx_word' id='word_1_72' title='bbox 521 1003 556 1062; x_wconf 90' lang='lat' dir='ltr'><strong>ad</strong></span> <span class='ocrx_word' id='word_1_73' title='bbox 581 1000 685 1062; x_wconf 89' lang='lat' dir='ltr'><strong>Gaium</strong></span> <span class='ocrx_word' id='word_1_74' title='bbox 709 1001 832 1061; x_wconf 91' lang='lat' dir='ltr'><strong>Fabium</strong></span> <span class='ocrx_word' id='word_1_75' title='bbox 860 1000 988 1080; x_wconf 90' lang='lat' dir='ltr'><strong>legatum</strong></span> <span class='ocrx_word' id='word_1_76' title='bbox 1017 1002 1120 1080; x_wconf 87' lang='lat' dir='ltr'><strong>mittit,</strong></span> <span class='ocrx_word' id='word_1_77' title='bbox 1150 1010 1184 1060; x_wconf 92' lang='lat' dir='ltr'><strong>ut</strong></span> <span class='ocrx_word' id='word_1_78' title='bbox 1212 1002 1243 1060; x_wconf 94' lang='lat' dir='ltr'><strong>in</strong></span> <span class='ocrx_word' id='word_1_79' title='bbox 1266 1000 1350 1061; x_wconf 81' lang='lat' dir='ltr'><strong>Atre-</strong></span> 
     </span>
     <span class='ocr_line' id='line_1_10' title="bbox 176 1089 1350 1169; baseline -0.004 -16"><span class='ocrx_word' id='word_1_80' title='bbox 176 1093 278 1153; x_wconf 89' lang='lat' dir='ltr'><strong>batum</strong></span> <span class='ocrx_word' id='word_1_81' title='bbox 308 1092 382 1151; x_wconf 80' lang='grc'><strong>11999</strong></span> <span class='ocrx_word' id='word_1_82' title='bbox 412 1090 559 1169; x_wconf 89' lang='lat' dir='ltr'><strong>legionem</strong></span> <span class='ocrx_word' id='word_1_83' title='bbox 592 1091 731 1165; x_wconf 87' lang='lat' dir='ltr'><strong>adducat,</strong></span> <span class='ocrx_word' id='word_1_84' title='bbox 764 1108 821 1168; x_wconf 93' lang='lat' dir='ltr'><strong>qua</strong></span> <span class='ocrx_word' id='word_1_85' title='bbox 854 1089 911 1149; x_wconf 88' lang='lat' dir='ltr'><strong>sibi</strong></span> <span class='ocrx_word' id='word_1_86' title='bbox 941 1091 1000 1149; x_wconf 92' lang='lat' dir='ltr'><strong>iter</strong></span> <span class='ocrx_word' id='word_1_87' title='bbox 1030 1089 1199 1149; x_wconf 85' lang='lat' dir='ltr'><strong>laciendum</strong></span> <span class='ocrx_word' id='word_1_88' title='bbox 1231 1089 1350 1150; x_wconf 88' lang='lat' dir='ltr'><strong>sciebat.</strong></span> 
     </span>
     <span class='ocr_line' id='line_1_11' title="bbox 141 1177 1351 1258; baseline -0.003 -17"><span class='ocrx_word' id='word_1_89' title='bbox 141 1195 158 1242; x_wconf 88' lang='lat'>4</span> <span class='ocrx_word' id='word_1_90' title='bbox 178 1180 288 1241; x_wconf 88' lang='lat' dir='ltr'><strong>Scribit</strong></span> <span class='ocrx_word' id='word_1_91' title='bbox 307 1179 445 1258; x_wconf 90' lang='lat' dir='ltr'><strong>Labieno,</strong></span> <span class='ocrx_word' id='word_1_92' title='bbox 470 1181 495 1238; x_wconf 90' lang='lat' dir='ltr'><strong>si</strong></span> <span class='ocrx_word' id='word_1_93' title='bbox 518 1177 699 1257; x_wconf 88' lang='lat' dir='ltr'><strong>reipublicae</strong></span> <span class='ocrx_word' id='word_1_94' title='bbox 719 1177 873 1238; x_wconf 88' lang='lat' dir='ltr'><strong>commodo</strong></span> <span class='ocrx_word' id='word_1_95' title='bbox 898 1178 996 1237; x_wconf 84' lang='lat' dir='ltr'><strong>iacere</strong></span> <span class='ocrx_word' id='word_1_96' title='bbox 1014 1184 1124 1257; x_wconf 89' lang='lat' dir='ltr'><strong>posset,</strong></span> <span class='ocrx_word' id='word_1_97' title='bbox 1144 1196 1211 1239; x_wconf 91' lang='lat' dir='ltr'><strong>cum</strong></span> <span class='ocrx_word' id='word_1_98' title='bbox 1235 1177 1351 1256; x_wconf 91' lang='lat' dir='ltr'><strong>legione</strong></span> 
     </span>
     <span class='ocr_line' id='line_1_12' title="bbox 177 1265 1351 1346; baseline -0.003 -18"><span class='ocrx_word' id='word_1_99' title='bbox 177 1270 213 1329; x_wconf 93' lang='lat' dir='ltr'><strong>ad</strong></span> <span class='ocrx_word' id='word_1_100' title='bbox 237 1269 311 1327; x_wconf 90' lang='lat' dir='ltr'><strong>fines</strong></span> <span class='ocrx_word' id='word_1_101' title='bbox 330 1267 507 1327; x_wconf 91' lang='lat' dir='ltr'><strong>Nerviorum</strong></span> <span class='ocrx_word' id='word_1_102' title='bbox 526 1269 631 1327; x_wconf 88' lang='lat' dir='ltr'><strong>veniat.</strong></span> <span class='ocrx_word' id='word_1_103' title='bbox 672 1266 827 1345; x_wconf 89' lang='lat' dir='ltr'><strong>Reliquam</strong></span> <span class='ocrx_word' id='word_1_104' title='bbox 850 1275 965 1345; x_wconf 84' lang='lat' dir='ltr'><strong>partem</strong></span> <span class='ocrx_word' id='word_1_105' title='bbox 984 1267 1143 1346; x_wconf 85' lang='lat' dir='ltr'><strong>exercitus,</strong></span> <span class='ocrx_word' id='word_1_106' title='bbox 1163 1265 1244 1343; x_wconf 91' lang='lat' dir='ltr'><strong>quod</strong></span> <span class='ocrx_word' id='word_1_107' title='bbox 1263 1266 1351 1345; x_wconf 93' lang='lat' dir='ltr'><strong>paulo</strong></span> 
     </span>
     <span class='ocr_line' id='line_1_13' title="bbox 178 1355 1351 1435; baseline -0.003 -19"><span class='ocrx_word' id='word_1_108' title='bbox 178 1356 280 1416; x_wconf 86' lang='lat' dir='ltr'><strong>aberat</strong></span> <span class='ocrx_word' id='word_1_109' title='bbox 302 1355 432 1435; x_wconf 90' lang='lat' dir='ltr'><strong>longius,</strong></span> <span class='ocrx_word' id='word_1_110' title='bbox 456 1374 515 1415; x_wconf 93' lang='lat' dir='ltr'><strong>non</strong></span> <span class='ocrx_word' id='word_1_111' title='bbox 544 1364 628 1435; x_wconf 89' lang='lat' dir='ltr'><strong>putat</strong></span> <span class='ocrx_word' id='word_1_112' title='bbox 652 1355 893 1435; x_wconf 81' lang='lat' dir='ltr'><strong>exspectandam3</strong></span> <span class='ocrx_word' id='word_1_113' title='bbox 922 1356 1038 1434; x_wconf 88' lang='lat' dir='ltr'><strong>equites</strong></span> <span class='ocrx_word' id='word_1_114' title='bbox 1068 1355 1188 1413; x_wconf 91' lang='lat' dir='ltr'><strong>circiter</strong></span> <span class='ocrx_word' id='word_1_115' title='bbox 1212 1355 1351 1432; x_wconf 89' lang='lat' dir='ltr'><strong>quadrin-</strong></span> 
     </span>
     <span class='ocr_line' id='line_1_14' title="bbox 106 1443 808 1523; baseline -0.003 -18"><span class='ocrx_word' id='word_1_116' title='bbox 106 1453 107 1458; x_wconf 77' lang='grc'>’</span> <span class='ocrx_word' id='word_1_117' title='bbox 177 1452 283 1523; x_wconf 89' lang='lat' dir='ltr'><strong>gentos</strong></span> <span class='ocrx_word' id='word_1_118' title='bbox 306 1463 342 1504; x_wconf 86' lang='lat' dir='ltr'><strong>ex</strong></span> <span class='ocrx_word' id='word_1_119' title='bbox 366 1446 509 1522; x_wconf 82' lang='lat' dir='ltr'><strong>proximis</strong></span> <span class='ocrx_word' id='word_1_120' title='bbox 532 1443 666 1504; x_wconf 89' lang='lat' dir='ltr'><strong>hibernis</strong></span> <span class='ocrx_word' id='word_1_121' title='bbox 690 1443 808 1522; x_wconf 89' lang='lat' dir='ltr'><strong>colligit.</strong></span> 
     </span>
     <span class='ocr_line' id='line_1_15' title="bbox 266 1529 1354 1601; baseline -0.002 -9"><span class='ocrx_word' id='word_1_122' title='bbox 266 1529 318 1592; x_wconf 80' lang='lat'><strong>47.</strong></span> <span class='ocrx_word' id='word_1_123' title='bbox 342 1532 421 1591; x_wconf 92' lang='lat' dir='ltr'><strong>llora</strong></span> <span class='ocrx_word' id='word_1_124' title='bbox 445 1534 565 1592; x_wconf 91' lang='lat' dir='ltr'><strong>circiter</strong></span> <span class='ocrx_word' id='word_1_125' title='bbox 589 1534 678 1592; x_wconf 89' lang='lat' dir='ltr'><strong>tertia</strong></span> <span class='ocrx_word' id='word_1_126' title='bbox 708 1531 744 1591; x_wconf 94' lang='lat' dir='ltr'><strong>ab</strong></span> <span class='ocrx_word' id='word_1_127' title='bbox 768 1530 1011 1592; x_wconf 90' lang='lat' dir='ltr'><strong>antecursoribus</strong></span> <span class='ocrx_word' id='word_1_128' title='bbox 1039 1531 1076 1590; x_wconf 88' lang='lat' dir='ltr'><strong>de</strong></span> <span class='ocrx_word' id='word_1_129' title='bbox 1100 1529 1204 1601; x_wconf 85' lang='lat' dir='ltr'><strong>Crassi</strong></span> <span class='ocrx_word' id='word_1_130' title='bbox 1227 1531 1354 1591; x_wconf 87' lang='lat' dir='ltr'><strong>adventu</strong></span> 
     </span>
     <span class='ocr_line' id='line_1_16' title="bbox 142 1618 1354 1699; baseline -0.003 -17"><span class='ocrx_word' id='word_1_131' title='bbox 142 1635 158 1682; x_wconf 87' lang='lat'>2</span> <span class='ocrx_word' id='word_1_132' title='bbox 179 1623 289 1681; x_wconf 90' lang='lat' dir='ltr'><strong>certior</strong></span> <span class='ocrx_word' id='word_1_133' title='bbox 312 1622 408 1680; x_wconf 86' lang='lat' dir='ltr'><strong>lactus</strong></span> <span class='ocrx_word' id='word_1_134' title='bbox 432 1638 467 1680; x_wconf 88' lang='lat' dir='ltr'><strong>eo</strong></span> <span class='ocrx_word' id='word_1_135' title='bbox 491 1621 539 1680; x_wconf 90' lang='lat' dir='ltr'><strong>die</strong></span> <span class='ocrx_word' id='word_1_136' title='bbox 565 1621 644 1681; x_wconf 91' lang='lat' dir='ltr'><strong>milia</strong></span> <span class='ocrx_word' id='word_1_137' title='bbox 666 1638 808 1699; x_wconf 87' lang='lat' dir='ltr'><strong>passuum</strong></span> <span class='ocrx_word' id='word_1_138' title='bbox 832 1622 936 1698; x_wconf 89' lang='lat' dir='ltr'><strong>viginti</strong></span> <span class='ocrx_word' id='word_1_139' title='bbox 958 1619 1101 1698; x_wconf 87' lang='lat' dir='ltr'><strong>procedit.</strong></span> <span class='ocrx_word' id='word_1_140' title='bbox 1139 1618 1281 1679; x_wconf 92' lang='lat' dir='ltr'><strong>Crassum</strong></span> <span class='ocrx_word' id='word_1_141' title='bbox 1305 1619 1354 1678; x_wconf 88' lang='lat' dir='ltr'><strong>Sa-</strong></span> 
     </span>
     <span class='ocr_line' id='line_1_17' title="bbox 178 1707 1355 1788; baseline -0.002 -18"><span class='ocrx_word' id='word_1_142' title='bbox 178 1709 361 1770; x_wconf 87' lang='lat' dir='ltr'><strong>marobrivae</strong></span> <span class='ocrx_word' id='word_1_143' title='bbox 390 1709 524 1787; x_wconf 83' lang='lat' dir='ltr'><strong>praeficit</strong></span> <span class='ocrx_word' id='word_1_144' title='bbox 551 1709 757 1788; x_wconf 88' lang='lat' dir='ltr'><strong>legionemque</strong></span> <span class='ocrx_word' id='word_1_145' title='bbox 786 1708 933 1788; x_wconf 88' lang='lat' dir='ltr'><strong>attribuit,</strong></span> <span class='ocrx_word' id='word_1_146' title='bbox 964 1708 1043 1785; x_wconf 91' lang='lat' dir='ltr'><strong>quod</strong></span> <span class='ocrx_word' id='word_1_147' title='bbox 1073 1707 1115 1767; x_wconf 93' lang='lat' dir='ltr'><strong>ibi</strong></span> <span class='ocrx_word' id='word_1_148' title='bbox 1143 1707 1355 1787; x_wconf 90' lang='lat' dir='ltr'><strong>impedimenta</strong></span> 
     </span>
     <span class='ocr_line' id='line_1_18' title="bbox 181 1795 1356 1878; baseline -0.001 -21"><span class='ocrx_word' id='word_1_149' title='bbox 181 1800 345 1878; x_wconf 85' lang='lat' dir='ltr'><strong>exercitus,</strong></span> <span class='ocrx_word' id='word_1_150' title='bbox 369 1797 488 1857; x_wconf 82' lang='lat' dir='ltr'><strong>obsides</strong></span> <span class='ocrx_word' id='word_1_151' title='bbox 512 1799 677 1878; x_wconf 85' lang='lat' dir='ltr'><strong>civitatum,</strong></span> <span class='ocrx_word' id='word_1_152' title='bbox 700 1797 814 1857; x_wconf 89' lang='lat' dir='ltr'><strong>litteras</strong></span> <span class='ocrx_word' id='word_1_153' title='bbox 836 1795 970 1877; x_wconf 87' lang='lat' dir='ltr'><strong>publicas</strong></span> <span class='ocrx_word' id='word_1_154' title='bbox 993 1797 1237 1873; x_wconf 82' lang='lat' dir='ltr'><strong>frumentumque</strong></span> <span class='ocrx_word' id='word_1_155' title='bbox 1260 1813 1356 1876; x_wconf 89' lang='lat' dir='ltr'><strong>omne,</strong></span> 
     </span>
     <span class='ocr_line' id='line_1_19' title="bbox 144 1883 1356 1966; baseline -0.004 -18"><span class='ocrx_word' id='word_1_156' title='bbox 144 1901 159 1948; x_wconf 89' lang='lat'><strong>3</strong></span> <span class='ocrx_word' id='word_1_157' title='bbox 183 1887 262 1965; x_wconf 91' lang='lat' dir='ltr'><strong>quod</strong></span> <span class='ocrx_word' id='word_1_158' title='bbox 287 1905 322 1946; x_wconf 89' lang='lat' dir='ltr'><strong>eo</strong></span> <span class='ocrx_word' id='word_1_159' title='bbox 350 1885 524 1966; x_wconf 61' lang='lat' dir='ltr'><strong>tolerandae=</strong></span> <span class='ocrx_word' id='word_1_160' title='bbox 547 1886 654 1946; x_wconf 91' lang='lat' dir='ltr'><strong>hiemis</strong></span> <span class='ocrx_word' id='word_1_161' title='bbox 682 1903 771 1946; x_wconf 90' lang='lat' dir='ltr'><strong>causa</strong></span> <span class='ocrx_word' id='word_1_162' title='bbox 799 1885 969 1964; x_wconf 83' lang='lat' dir='ltr'><strong>devexerat,</strong></span> <span class='ocrx_word' id='word_1_163' title='bbox 996 1883 1192 1964; x_wconf 87' lang='lat' dir='ltr'><strong>relinquebat.</strong></span> <span class='ocrx_word' id='word_1_164' title='bbox 1239 1883 1356 1964; x_wconf 91' lang='lat' dir='ltr'><strong>Fabius,</strong></span> 
     </span>
     <span class='ocr_line' id='line_1_20' title="bbox 179 1972 1355 2058; baseline -0.003 -23"><span class='ocrx_word' id='word_1_165' title='bbox 179 1984 213 2035; x_wconf 89' lang='lat' dir='ltr'><strong>ut</strong></span> <span class='ocrx_word' id='word_1_166' title='bbox 235 1978 415 2054; x_wconf 88' lang='lat' dir='ltr'><strong>imperatum</strong></span> <span class='ocrx_word' id='word_1_167' title='bbox 435 1982 508 2055; x_wconf 89' lang='lat' dir='ltr'><strong>erat,</strong></span> <span class='ocrx_word' id='word_1_168' title='bbox 532 1993 592 2034; x_wconf 93' lang='lat' dir='ltr'><strong>non</strong></span> <span class='ocrx_word' id='word_1_169' title='bbox 615 1977 656 2035; x_wconf 91' lang='lat' dir='ltr'><strong>ita</strong></span> <span class='ocrx_word' id='word_1_170' title='bbox 674 1974 802 2034; x_wconf 91' lang='lat' dir='ltr'><strong>multum</strong></span> <span class='ocrx_word' id='word_1_171' title='bbox 820 1981 952 2033; x_wconf 91' lang='lat' dir='ltr'><strong>moratus</strong></span> <span class='ocrx_word' id='word_1_172' title='bbox 975 1974 1006 2032; x_wconf 92' lang='lat' dir='ltr'><strong>in</strong></span> <span class='ocrx_word' id='word_1_173' title='bbox 1025 1974 1132 2032; x_wconf 91' lang='lat' dir='ltr'><strong>itinere</strong></span> <span class='ocrx_word' id='word_1_174' title='bbox 1152 1990 1221 2032; x_wconf 92' lang='lat' dir='ltr'><strong>cum</strong></span> <span class='ocrx_word' id='word_1_175' title='bbox 1239 1972 1355 2058; x_wconf 83' lang='lat' dir='ltr'><strong>legione</strong></span> 
     </span>
     <span class='ocr_line' id='line_1_21' title="bbox 143 2060 1355 2140; baseline -0.004 -16"><span class='ocrx_word' id='word_1_176' title='bbox 143 2066 319 2124; x_wconf 88' lang='lat' dir='ltr'><strong>4occurrit.</strong></span> <span class='ocrx_word' id='word_1_177' title='bbox 369 2062 518 2123; x_wconf 89' lang='lat' dir='ltr'><strong>Labienus</strong></span> <span class='ocrx_word' id='word_1_178' title='bbox 550 2065 674 2123; x_wconf 90' lang='lat' dir='ltr'><strong>interitu</strong></span> <span class='ocrx_word' id='word_1_179' title='bbox 709 2061 811 2122; x_wconf 87' lang='lat' dir='ltr'><strong>Sabini</strong></span> <span class='ocrx_word' id='word_1_180' title='bbox 844 2069 874 2123; x_wconf 89' lang='lat' dir='ltr'><strong>et</strong></span> <span class='ocrx_word' id='word_1_181' title='bbox 896 2060 995 2137; x_wconf 83' lang='lat' dir='ltr'><strong>caede</strong></span> <span class='ocrx_word' id='word_1_182' title='bbox 1028 2061 1195 2121; x_wconf 90' lang='lat' dir='ltr'><strong>cohortium</strong></span> <span class='ocrx_word' id='word_1_183' title='bbox 1228 2063 1355 2140; x_wconf 88' lang='lat' dir='ltr'><strong>cognita,</strong></span> 
     </span>
     <span class='ocr_line' id='line_1_22' title="bbox 179 2151 1357 2230; baseline -0.003 -19"><span class='ocrx_word' id='word_1_184' title='bbox 179 2170 248 2212; x_wconf 91' lang='lat' dir='ltr'><strong>cum</strong></span> <span class='ocrx_word' id='word_1_185' title='bbox 271 2170 374 2211; x_wconf 92' lang='lat' dir='ltr'><strong>omnes</strong></span> <span class='ocrx_word' id='word_1_186' title='bbox 398 2152 433 2211; x_wconf 90' lang='lat' dir='ltr'><strong>ad</strong></span> <span class='ocrx_word' id='word_1_187' title='bbox 463 2170 531 2211; x_wconf 90' lang='lat' dir='ltr'><strong>eum</strong></span> <span class='ocrx_word' id='word_1_188' title='bbox 555 2151 756 2211; x_wconf 84' lang='lat' dir='ltr'><strong>Treverorum</strong></span> <span class='ocrx_word' id='word_1_189' title='bbox 781 2152 882 2230; x_wconf 87' lang='lat' dir='ltr'><strong>copiae</strong></span> <span class='ocrx_word' id='word_1_190' title='bbox 906 2152 1071 2229; x_wconf 88' lang='lat' dir='ltr'><strong>venissent,</strong></span> <span class='ocrx_word' id='word_1_191' title='bbox 1099 2151 1226 2223; x_wconf 90' lang='lat' dir='ltr'><strong>veritus,</strong></span> <span class='ocrx_word' id='word_1_192' title='bbox 1250 2168 1304 2230; x_wconf 87' lang='lat' dir='ltr'><strong>ne,</strong></span> <span class='ocrx_word' id='word_1_193' title='bbox 1332 2151 1357 2208; x_wconf 96' lang='lat' dir='ltr'><strong>si</strong></span> 
     </span>
     <span class='ocr_line' id='line_1_23' title="bbox 180 2237 1357 2318; baseline -0.002 -20"><span class='ocrx_word' id='word_1_194' title='bbox 180 2258 216 2299; x_wconf 88' lang='lat' dir='ltr'><strong>ex</strong></span> <span class='ocrx_word' id='word_1_195' title='bbox 239 2239 373 2299; x_wconf 90' lang='lat' dir='ltr'><strong>hibernis</strong></span> <span class='ocrx_word' id='word_1_196' title='bbox 396 2240 483 2317; x_wconf 86' lang='lat' dir='ltr'><strong>fugae</strong></span> <span class='ocrx_word' id='word_1_197' title='bbox 508 2239 634 2300; x_wconf 90' lang='lat' dir='ltr'><strong>similem</strong></span> <span class='ocrx_word' id='word_1_198' title='bbox 657 2240 873 2318; x_wconf 84' lang='lat' dir='ltr'><strong>prosectionem</strong></span> <span class='ocrx_word' id='word_1_199' title='bbox 897 2239 1032 2318; x_wconf 87' lang='lat' dir='ltr'><strong>lecisset,</strong></span> <span class='ocrx_word' id='word_1_200' title='bbox 1057 2237 1189 2298; x_wconf 93' lang='lat' dir='ltr'><strong>hostium</strong></span> <span class='ocrx_word' id='word_1_201' title='bbox 1211 2239 1357 2316; x_wconf 88' lang='lat' dir='ltr'><strong>impetum</strong></span> 
     </span>
     <span class='ocr_line' id='line_1_24' title="bbox 181 2326 1359 2407; baseline -0.001 -20"><span class='ocrx_word' id='word_1_202' title='bbox 181 2329 330 2387; x_wconf 89' lang='lat' dir='ltr'><strong>sustinere</strong></span> <span class='ocrx_word' id='word_1_203' title='bbox 354 2344 414 2386; x_wconf 92' lang='lat' dir='ltr'><strong>non</strong></span> <span class='ocrx_word' id='word_1_204' title='bbox 433 2335 544 2407; x_wconf 88' lang='lat' dir='ltr'><strong>posset,</strong></span> <span class='ocrx_word' id='word_1_205' title='bbox 567 2330 743 2406; x_wconf 89' lang='lat' dir='ltr'><strong>praesertim</strong></span> <span class='ocrx_word' id='word_1_206' title='bbox 764 2346 838 2407; x_wconf 90' lang='lat' dir='ltr'><strong>quos</strong></span> <span class='ocrx_word' id='word_1_207' title='bbox 862 2328 977 2387; x_wconf 88' lang='lat' dir='ltr'><strong>recenti</strong></span> <span class='ocrx_word' id='word_1_208' title='bbox 995 2328 1119 2386; x_wconf 83' lang='lat' dir='ltr'><strong>victoria</strong></span> <span class='ocrx_word' id='word_1_209' title='bbox 1137 2326 1238 2386; x_wconf 83' lang='lat' dir='ltr'><strong>efferri</strong></span> <span class='ocrx_word' id='word_1_210' title='bbox 1257 2327 1359 2406; x_wconf 86' lang='lat' dir='ltr'><strong>sciret,</strong></span> 
     </span>
    </p>
   </div>
   <div class='ocr_carea' id='block_1_3' title="bbox 91 2530 1363 4444">
    <p class='ocr_par' dir='ltr' id='par_1_3' title="bbox 179 2530 1360 2870">
     <span class='ocr_line' id='line_1_25' title="bbox 179 2530 1359 2600; baseline 0 -16"><span class='ocrx_word' id='word_1_211' title='bbox 179 2537 205 2584; x_wconf 90' lang='lat'><strong>4.</strong></span> <span class='ocrx_word' id='word_1_212' title='bbox 225 2531 259 2584; x_wconf 91' lang='lat' dir='ltr'><strong>in</strong></span> <span class='ocrx_word' id='word_1_213' title='bbox 277 2530 393 2585; x_wconf 86' lang='lat' dir='ltr'><strong>iaculo</strong></span> <span class='ocrx_word' id='word_1_214' title='bbox 411 2530 576 2600; x_wconf 86' lang='lat' dir='ltr'><strong>illigatas</strong></span> <span class='ocrx_word' id='word_1_215' title='bbox 595 2532 643 2600; x_wconf 86' lang='lat' dir='ltr'><strong>„in</strong></span> <span class='ocrx_word' id='word_1_216' title='bbox 660 2532 742 2587; x_wconf 89' lang='lat' dir='ltr'><strong>einen</strong></span> <span class='ocrx_word' id='word_1_217' title='bbox 795 2533 890 2587; x_wconf 89' lang='lat' dir='ltr'><strong>lichen</strong></span> <span class='ocrx_word' id='word_1_218' title='bbox 915 2531 1039 2598; x_wconf 87' lang='lat' dir='ltr'><strong>Punkte‚</strong></span> <span class='ocrx_word' id='word_1_219' title='bbox 1067 2531 1097 2585; x_wconf 89' lang='lat' dir='ltr'><strong>in</strong></span> <span class='ocrx_word' id='word_1_220' title='bbox 1124 2531 1174 2585; x_wconf 83' lang='lat' dir='ltr'><strong>der</strong></span> <span class='ocrx_word' id='word_1_221' title='bbox 1196 2531 1280 2586; x_wconf 70' lang='lat' dir='ltr'><strong>the</strong></span> <span class='ocrx_word' id='word_1_222' title='bbox 1309 2531 1359 2586; x_wconf 87' lang='lat' dir='ltr'><strong>der</strong></span> 
     </span>
     <span class='ocr_line' id='line_1_26' title="bbox 180 2601 1359 2672; baseline 0 -16"><span class='ocrx_word' id='word_1_223' title='bbox 180 2601 435 2671; x_wconf 82' lang='lat' dir='ltr'><strong>(ausgehohltena)</strong></span> <span class='ocrx_word' id='word_1_224' title='bbox 479 2603 648 2672; x_wconf 86' lang='lat' dir='ltr'><strong>Wurfspiess</strong></span> <span class='ocrx_word' id='word_1_225' title='bbox 714 2621 740 2658; x_wconf 88' lang='lat' dir='ltr'><strong>e·</strong></span> <span class='ocrx_word' id='word_1_226' title='bbox 796 2602 1040 2657; x_wconf 84' lang='lat' dir='ltr'><strong>aufriihrerischen</strong></span> <span class='ocrx_word' id='word_1_227' title='bbox 1061 2601 1192 2669; x_wconf 87' lang='lat' dir='ltr'><strong>Nervier,</strong></span> <span class='ocrx_word' id='word_1_228' title='bbox 1212 2603 1304 2656; x_wconf 88' lang='lat' dir='ltr'><strong>stand.</strong></span> <span class='ocrx_word' id='word_1_229' title='bbox 1325 2633 1359 2641; x_wconf 93' lang='lat'>-</span> 
     </span>
     <span class='ocr_line' id='line_1_27' title="bbox 180 2622 1360 2743; baseline -0.001 -16"><span class='ocrx_word' id='word_1_230' title='bbox 180 2673 299 2727; x_wconf 69' lang='grc' dir='ltr'><strong>9199191.ιι</strong></span> <span class='ocrx_word' id='word_1_231' title='bbox 333 2703 366 2712; x_wconf 88' lang='lat'><strong>—·</strong></span> <span class='ocrx_word' id='word_1_232' title='bbox 399 2673 439 2726; x_wconf 85' lang='lat' dir='ltr'><strong>ad</strong></span> <span class='ocrx_word' id='word_1_233' title='bbox 467 2672 658 2728; x_wconf 84' lang='lat' dir='ltr'><strong>Caesarem:</strong></span> <span class='ocrx_word' id='word_1_234' title='bbox 693 2622 742 2728; x_wconf 51' lang='lat' dir='ltr'><strong>ger</strong></span> <span class='ocrx_word' id='word_1_235' title='bbox 796 2673 1077 2742; x_wconf 84' lang='lat' dir='ltr'><strong>exspectandam:</strong></span> <span class='ocrx_word' id='word_1_236' title='bbox 1092 2672 1360 2743; x_wconf 82' lang='lat' dir='ltr'><strong>aurUebersetzung</strong></span> 
     </span>
     <span class='ocr_line' id='line_1_28' title="bbox 180 2742 1360 2869; baseline 0.001 -72"><span class='ocrx_word' id='word_1_237' title='bbox 180 2743 405 2868; x_wconf 49' lang='lat' dir='ltr'><strong>{cptjedenfalls</strong></span> <span class='ocrx_word' id='word_1_238' title='bbox 423 2744 453 2797; x_wconf 90' lang='lat' dir='ltr'><strong>in</strong></span> <span class='ocrx_word' id='word_1_239' title='bbox 468 2742 663 2800; x_wconf 85' lang='lat' dir='ltr'><strong>Samarobriva</strong></span> <span class='ocrx_word' id='word_1_240' title='bbox 681 2745 741 2798; x_wconf 88' lang='lat' dir='ltr'><strong>auf·</strong></span> <span class='ocrx_word' id='word_1_241' title='bbox 796 2745 847 2869; x_wconf 59' lang='lat' dir='ltr'><strong>ges</strong></span> <span class='ocrx_word' id='word_1_242' title='bbox 867 2743 1022 2798; x_wconf 82' lang='lat' dir='ltr'><strong>Gerundivs</strong></span> <span class='ocrx_word' id='word_1_243' title='bbox 1041 2761 1062 2800; x_wconf 93' lang='grc'><strong>9.</strong></span> <span class='ocrx_word' id='word_1_244' title='bbox 1074 2751 1099 2813; x_wconf 85' lang='grc'><strong>4,</strong></span> <span class='ocrx_word' id='word_1_245' title='bbox 1114 2749 1148 2798; x_wconf 86' lang='grc'><strong>36</strong></span> <span class='ocrx_word' id='word_1_246' title='bbox 1167 2761 1207 2831; x_wconf 63' lang='lat' dir='ltr'><strong>au¹</strong></span> <span class='ocrx_word' id='word_1_247' title='bbox 1220 2742 1360 2798; x_wconf 87' lang='lat' dir='ltr'><strong>subicien-</strong></span> 
     </span>
     <span class='ocr_line' id='line_1_29' title="bbox 212 2827 1272 2870; baseline -0.003 -1"><span class='ocrx_word' id='word_1_248' title='bbox 212 2832 226 2868; x_wconf 94' lang='lat' dir='ltr'><strong>e</strong></span> <span class='ocrx_word' id='word_1_249' title='bbox 253 2856 259 2869; x_wconf 89' lang='lat'><strong>.</strong></span> <span class='ocrx_word' id='word_1_250' title='bbox 816 2831 869 2870; x_wconf 89' lang='lat' dir='ltr'><strong>am.</strong></span> <span class='ocrx_word' id='word_1_251' title='bbox 1244 2827 1272 2865; x_wconf 92' lang='grc'><strong>·.</strong></span> 
     </span>
    </p>

    <p class='ocr_par' dir='ltr' id='par_1_4' title="bbox 91 2885 1363 4444">
     <span class='ocr_line' id='line_1_30' title="bbox 217 2885 1363 2955; baseline 0.001 -17"><span class='ocrx_word' id='word_1_252' title='bbox 217 2885 283 2954; x_wconf 85' lang='lat' dir='ltr'><strong>Cap.</strong></span> <span class='ocrx_word' id='word_1_253' title='bbox 303 2892 346 2940; x_wconf 86' lang='grc'><strong>46.</strong></span> <span class='ocrx_word' id='word_1_254' title='bbox 368 2891 390 2938; x_wconf 89' lang='lat'><strong>1.</strong></span> <span class='ocrx_word' id='word_1_255' title='bbox 410 2885 506 2955; x_wconf 86' lang='lat' dir='ltr'><strong>Vergl.</strong></span> <span class='ocrx_word' id='word_1_256' title='bbox 526 2903 549 2940; x_wconf 92' lang='lat' dir='ltr'><strong>c.</strong></span> <span class='ocrx_word' id='word_1_257' title='bbox 570 2891 613 2954; x_wconf 87' lang='lat'><strong>24,</strong></span> <span class='ocrx_word' id='word_1_258' title='bbox 631 2901 675 2940; x_wconf 85' lang='lat' dir='ltr'><strong>wo</strong></span> <span class='ocrx_word' id='word_1_259' title='bbox 694 2885 740 2940; x_wconf 88' lang='lat' dir='ltr'><strong>die</strong></span> <span class='ocrx_word' id='word_1_260' title='bbox 832 2886 898 2954; x_wconf 85' lang='lat' dir='ltr'><strong>Cap.</strong></span> <span class='ocrx_word' id='word_1_261' title='bbox 927 2890 969 2939; x_wconf 80' lang='lat'><strong>47.</strong></span> <span class='ocrx_word' id='word_1_262' title='bbox 999 2890 1023 2940; x_wconf 93' lang='lat'><strong>1.</strong></span> <span class='ocrx_word' id='word_1_263' title='bbox 1052 2885 1092 2939; x_wconf 89' lang='lat' dir='ltr'><strong>ab</strong></span> <span class='ocrx_word' id='word_1_264' title='bbox 1120 2885 1363 2939; x_wconf 85' lang='lat' dir='ltr'><strong>antecursori-</strong></span> 
     </span>
     <span class='ocr_line' id='line_1_31' title="bbox 182 2953 1361 3027; baseline 0 -17"><span class='ocrx_word' id='word_1_265' title='bbox 182 2956 327 3021; x_wconf 83' lang='lat' dir='ltr'><strong>Quartiere</strong></span> <span class='ocrx_word' id='word_1_266' title='bbox 348 2956 398 3009; x_wconf 84' lang='lat' dir='ltr'><strong>der</strong></span> <span class='ocrx_word' id='word_1_267' title='bbox 416 2957 560 3026; x_wconf 75' lang='lat' dir='ltr'><strong>Legionem</strong></span> <span class='ocrx_word' id='word_1_268' title='bbox 579 2957 743 3027; x_wconf 84' lang='lat' dir='ltr'><strong>angegeben</strong></span> <span class='ocrx_word' id='word_1_269' title='bbox 797 2957 872 3011; x_wconf 85' lang='lat' dir='ltr'><strong>bus:</strong></span> <span class='ocrx_word' id='word_1_270' title='bbox 906 2955 1031 3009; x_wconf 79' lang='lat' dir='ltr'><strong>nitmlich</strong></span> <span class='ocrx_word' id='word_1_271' title='bbox 1059 2956 1108 3010; x_wconf 88' lang='lat' dir='ltr'><strong>des</strong></span> <span class='ocrx_word' id='word_1_272' title='bbox 1136 2953 1252 3008; x_wconf 80' lang='lat' dir='ltr'><strong>Crassus</strong></span> <span class='ocrx_word' id='word_1_273' title='bbox 1282 2957 1361 3010; x_wconf 86' lang='lat' dir='ltr'><strong>ante·</strong></span> 
     </span>
     <span class='ocr_line' id='line_1_32' title="bbox 181 3026 1360 3095; baseline -0.001 -14"><span class='ocrx_word' id='word_1_274' title='bbox 181 3027 250 3081; x_wconf 89' lang='lat' dir='ltr'><strong>sind.</strong></span> <span class='ocrx_word' id='word_1_275' title='bbox 284 3057 317 3066; x_wconf 89' lang='lat'>-</span> <span class='ocrx_word' id='word_1_276' title='bbox 350 3026 434 3081; x_wconf 88' lang='lat' dir='ltr'><strong>hora</strong></span> <span class='ocrx_word' id='word_1_277' title='bbox 465 3027 658 3082; x_wconf 84' lang='lat' dir='ltr'><strong>undecima:</strong></span> <span class='ocrx_word' id='word_1_278' title='bbox 695 3045 743 3080; x_wconf 92' lang='lat' dir='ltr'><strong>um</strong></span> <span class='ocrx_word' id='word_1_279' title='bbox 798 3026 1360 3095; x_wconf 84' lang='lat' dir='ltr'><strong>cursores‚derVortrab.—2.prae-</strong></span> 
     </span>
     <span class='ocr_line' id='line_1_33' title="bbox 180 3095 1361 3168; baseline 0 -18"><span class='ocrx_word' id='word_1_280' title='bbox 180 3097 354 3152; x_wconf 85' lang='lat' dir='ltr'><strong>welcheZeit</strong></span> <span class='ocrx_word' id='word_1_281' title='bbox 362 3097 435 3151; x_wconf 88' lang='lat' dir='ltr'><strong>nach</strong></span> <span class='ocrx_word' id='word_1_282' title='bbox 444 3098 744 3168; x_wconf 85' lang='lat' dir='ltr'><strong>unsererR-eehnungs-</strong></span> <span class='ocrx_word' id='word_1_283' title='bbox 796 3098 889 3152; x_wconf 88' lang='lat' dir='ltr'><strong>ficit:</strong></span> <span class='ocrx_word' id='word_1_284' title='bbox 913 3097 975 3165; x_wconf 86' lang='lat' dir='ltr'><strong>gibt</strong></span> <span class='ocrx_word' id='word_1_285' title='bbox 998 3113 1029 3151; x_wconf 90' lang='lat' dir='ltr'><strong>er</strong></span> <span class='ocrx_word' id='word_1_286' title='bbox 1050 3096 1101 3150; x_wconf 87' lang='lat' dir='ltr'><strong>das</strong></span> <span class='ocrx_word' id='word_1_287' title='bbox 1124 3095 1306 3150; x_wconf 80' lang='lat' dir='ltr'><strong>Commendo.</strong></span> <span class='ocrx_word' id='word_1_288' title='bbox 1325 3128 1361 3136; x_wconf 99' lang='lat'><em>-</em></span> 
     </span>
     <span class='ocr_line' id='line_1_34' title="bbox 181 3166 1361 3236; baseline 0 -15"><span class='ocrx_word' id='word_1_289' title='bbox 181 3167 336 3221; x_wconf 70' lang='grc'><strong>9991991-</strong></span> <span class='ocrx_word' id='word_1_290' title='bbox 360 3174 385 3221; x_wconf 88' lang='grc'><strong>2.</strong></span> <span class='ocrx_word' id='word_1_291' title='bbox 410 3168 502 3221; x_wconf 80' lang='lat' dir='ltr'><strong>Exit:</strong></span> <span class='ocrx_word' id='word_1_292' title='bbox 526 3185 555 3221; x_wconf 90' lang='lat' dir='ltr'><strong>es</strong></span> <span class='ocrx_word' id='word_1_293' title='bbox 579 3169 662 3222; x_wconf 78' lang='lat' dir='ltr'><strong>ruckt</strong></span> <span class='ocrx_word' id='word_1_294' title='bbox 684 3185 743 3222; x_wconf 89' lang='lat' dir='ltr'><strong>aus.</strong></span> <span class='ocrx_word' id='word_1_295' title='bbox 797 3168 978 3224; x_wconf 87' lang='lat' dir='ltr'><strong>attribuit:</strong></span> <span class='ocrx_word' id='word_1_296' title='bbox 1015 3173 1106 3221; x_wconf 85' lang='lat' dir='ltr'><strong>wem?</strong></span> <span class='ocrx_word' id='word_1_297' title='bbox 1144 3197 1176 3206; x_wconf 87' lang='lat'>—</span> <span class='ocrx_word' id='word_1_298' title='bbox 1214 3166 1361 3236; x_wconf 88' lang='lat' dir='ltr'><strong>impedi-</strong></span> 
     </span>
     <span class='ocr_line' id='line_1_35' title="bbox 182 3237 1361 3294; baseline 0.001 -4"><span class='ocrx_word' id='word_1_299' title='bbox 182 3254 307 3290; x_wconf 92' lang='lat' dir='ltr'><strong>-cum</strong></span> <span class='ocrx_word' id='word_1_300' title='bbox 330 3239 468 3291; x_wconf 82' lang='lat' dir='ltr'><strong>nuntio:</strong></span> <span class='ocrx_word' id='word_1_301' title='bbox 492 3254 556 3291; x_wconf 91' lang='lat' dir='ltr'><strong>cum</strong></span> <span class='ocrx_word' id='word_1_302' title='bbox 581 3238 744 3293; x_wconf 90' lang='lat' dir='ltr'><strong>bezeichnet</strong></span> <span class='ocrx_word' id='word_1_303' title='bbox 797 3240 911 3293; x_wconf 88' lang='lat' dir='ltr'><strong>menta</strong></span> <span class='ocrx_word' id='word_1_304' title='bbox 934 3267 968 3278; x_wconf 91' lang='lat'>—</span> <span class='ocrx_word' id='word_1_305' title='bbox 995 3238 1133 3292; x_wconf 87' lang='lat' dir='ltr'><strong>obsides</strong></span> <span class='ocrx_word' id='word_1_306' title='bbox 1156 3269 1190 3277; x_wconf 97' lang='lat'>—</span> <span class='ocrx_word' id='word_1_307' title='bbox 1213 3237 1361 3294; x_wconf 76' lang='lat' dir='ltr'><strong>litteras</strong></span> 
     </span>
     <span class='ocr_line' id='line_1_36' title="bbox 182 3307 1362 3379; baseline 0.002 -18"><span class='ocrx_word' id='word_1_308' title='bbox 182 3308 255 3362; x_wconf 90' lang='lat' dir='ltr'><strong>auch</strong></span> <span class='ocrx_word' id='word_1_309' title='bbox 272 3307 333 3360; x_wconf 87' lang='lat' dir='ltr'><strong>hier</strong></span> <span class='ocrx_word' id='word_1_310' title='bbox 352 3307 398 3360; x_wconf 87' lang='lat' dir='ltr'><strong>die</strong></span> <span class='ocrx_word' id='word_1_311' title='bbox 417 3308 599 3377; x_wconf 84' lang='lat' dir='ltr'><strong>Begleitung:</strong></span> <span class='ocrx_word' id='word_1_312' title='bbox 618 3309 743 3379; x_wconf 84' lang='lat' dir='ltr'><strong>sogleich</strong></span> <span class='ocrx_word' id='word_1_313' title='bbox 797 3310 1086 3378; x_wconf 75' lang='lat' dir='ltr'><strong>frumentumque:</strong></span> <span class='ocrx_word' id='word_1_314' title='bbox 1105 3307 1228 3376; x_wconf 84' lang='lat' dir='ltr'><strong>Beispiel</strong></span> <span class='ocrx_word' id='word_1_315' title='bbox 1247 3327 1282 3362; x_wconf 87' lang='lat' dir='ltr'><strong>zu</strong></span> <span class='ocrx_word' id='word_1_316' title='bbox 1295 3310 1362 3363; x_wconf 83' lang='lat' dir='ltr'><strong>wel·</strong></span> 
     </span>
     <span class='ocr_line' id='line_1_37' title="bbox 182 3376 1361 3448; baseline 0.002 -17"><span class='ocrx_word' id='word_1_317' title='bbox 182 3376 236 3431; x_wconf 92' lang='lat' dir='ltr'><strong>mit</strong></span> <span class='ocrx_word' id='word_1_318' title='bbox 249 3378 313 3430; x_wconf 89' lang='lat' dir='ltr'><strong>dem</strong></span> <span class='ocrx_word' id='word_1_319' title='bbox 327 3376 480 3431; x_wconf 86' lang='lat' dir='ltr'><strong>Eintreffen</strong></span> <span class='ocrx_word' id='word_1_320' title='bbox 495 3379 544 3432; x_wconf 86' lang='lat' dir='ltr'><strong>des</strong></span> <span class='ocrx_word' id='word_1_321' title='bbox 558 3380 655 3447; x_wconf 88' lang='lat' dir='ltr'><strong>Boten,</strong></span> <span class='ocrx_word' id='word_1_322' title='bbox 669 3380 743 3433; x_wconf 86' lang='lat' dir='ltr'><strong>nach</strong></span> <span class='ocrx_word' id='word_1_323' title='bbox 797 3381 863 3434; x_wconf 87' lang='lat' dir='ltr'><strong>cher</strong></span> <span class='ocrx_word' id='word_1_324' title='bbox 881 3380 991 3448; x_wconf 83' lang='lat' dir='ltr'><strong>Regel?</strong></span> <span class='ocrx_word' id='word_1_325' title='bbox 1014 3409 1048 3419; x_wconf 87' lang='lat'>—</span> <span class='ocrx_word' id='word_1_326' title='bbox 1074 3378 1219 3433; x_wconf 78' lang='lat' dir='ltr'><strong>litteras</strong></span> <span class='ocrx_word' id='word_1_327' title='bbox 1270 3378 1361 3434; x_wconf 89' lang='lat' dir='ltr'><strong>ubli·</strong></span> 
     </span>
     <span class='ocr_line' id='line_1_38' title="bbox 183 3447 1361 3520; baseline 0.003 -18"><span class='ocrx_word' id='word_1_328' title='bbox 183 3447 562 3504; x_wconf 86' lang='lat' dir='ltr'><strong>erhaltenerNachricht.-</strong></span> <span class='ocrx_word' id='word_1_329' title='bbox 577 3456 602 3506; x_wconf 86' lang='lat'><strong>3.</strong></span> <span class='ocrx_word' id='word_1_330' title='bbox 618 3450 742 3518; x_wconf 88' lang='lat' dir='ltr'><strong>mittit,</strong></span> <span class='ocrx_word' id='word_1_331' title='bbox 797 3468 865 3505; x_wconf 88' lang='lat' dir='ltr'><strong>cas:</strong></span> <span class='ocrx_word' id='word_1_332' title='bbox 894 3449 1054 3505; x_wconf 80' lang='lat' dir='ltr'><strong>bffentliche</strong></span> <span class='ocrx_word' id='word_1_333' title='bbox 1077 3449 1224 3519; x_wconf 87' lang='lat' dir='ltr'><strong>Berichte,</strong></span> <span class='ocrx_word' id='word_1_334' title='bbox 1273 3449 1361 3520; x_wconf 78' lang='lat' dir='ltr'><strong>riege-</strong></span> 
     </span>
     <span class='ocr_line' id='line_1_39' title="bbox 183 3516 1360 3590; baseline 0.002 -18"><span class='ocrx_word' id='word_1_335' title='bbox 183 3520 220 3572; x_wconf 90' lang='lat' dir='ltr'><strong>ut</strong></span> <span class='ocrx_word' id='word_1_336' title='bbox 239 3549 272 3557; x_wconf 93' lang='lat'>-</span> <span class='ocrx_word' id='word_1_337' title='bbox 297 3518 457 3573; x_wconf 87' lang='lat' dir='ltr'><strong>adducat:</strong></span> <span class='ocrx_word' id='word_1_338' title='bbox 485 3519 547 3573; x_wconf 86' lang='lat' dir='ltr'><strong>hier</strong></span> <span class='ocrx_word' id='word_1_339' title='bbox 569 3520 674 3576; x_wconf 78' lang='lat' dir='ltr'><strong>konnte</strong></span> <span class='ocrx_word' id='word_1_340' title='bbox 697 3522 743 3576; x_wconf 89' lang='lat' dir='ltr'><strong>ein</strong></span> <span class='ocrx_word' id='word_1_341' title='bbox 797 3520 922 3590; x_wconf 87' lang='lat' dir='ltr'><strong>kanzlei,</strong></span> <span class='ocrx_word' id='word_1_342' title='bbox 940 3521 1131 3590; x_wconf 86' lang='lat' dir='ltr'><strong>Rechnungen</strong></span> <span class='ocrx_word' id='word_1_343' title='bbox 1149 3516 1206 3574; x_wconf 88' lang='lat' dir='ltr'><strong>und</strong></span> <span class='ocrx_word' id='word_1_344' title='bbox 1220 3521 1311 3590; x_wconf 83' lang='lat' dir='ltr'><strong>dergl.</strong></span> <span class='ocrx_word' id='word_1_345' title='bbox 1326 3551 1360 3561; x_wconf 84' lang='lat'><em>-</em></span> 
     </span>
     <span class='ocr_line' id='line_1_40' title="bbox 182 3588 1361 3660; baseline 0.003 -18"><span class='ocrx_word' id='word_1_346' title='bbox 182 3589 265 3643; x_wconf 88' lang='lat' dir='ltr'><strong>Wort</strong></span> <span class='ocrx_word' id='word_1_347' title='bbox 281 3588 384 3645; x_wconf 86' lang='lat' dir='ltr'><strong>fehlen.</strong></span> <span class='ocrx_word' id='word_1_348' title='bbox 399 3620 434 3630; x_wconf 93' lang='lat'><em>-</em></span> <span class='ocrx_word' id='word_1_349' title='bbox 453 3591 599 3646; x_wconf 88' lang='lat' dir='ltr'><strong>sciebat:</strong></span> <span class='ocrx_word' id='word_1_350' title='bbox 618 3592 743 3647; x_wconf 80' lang='lat' dir='ltr'><strong>nitmlich</strong></span> <span class='ocrx_word' id='word_1_351' title='bbox 797 3599 821 3648; x_wconf 90' lang='lat'><strong>3.</strong></span> <span class='ocrx_word' id='word_1_352' title='bbox 846 3594 884 3646; x_wconf 89' lang='lat' dir='ltr'><strong>ut</strong></span> <span class='ocrx_word' id='word_1_353' title='bbox 902 3623 936 3631; x_wconf 91' lang='lat'>-</span> <span class='ocrx_word' id='word_1_354' title='bbox 960 3594 1035 3646; x_wconf 85' lang='lat' dir='ltr'><strong>erat</strong></span> <span class='ocrx_word' id='word_1_355' title='bbox 1058 3591 1149 3646; x_wconf 72' lang='lat' dir='ltr'><strong>libers.</strong></span> <span class='ocrx_word' id='word_1_356' title='bbox 1169 3591 1243 3645; x_wconf 84' lang='lat' dir='ltr'><strong>nach</strong></span> <span class='ocrx_word' id='word_1_357' title='bbox 1268 3597 1298 3660; x_wconf 73' lang='lat'><strong>1,</strong></span> <span class='ocrx_word' id='word_1_358' title='bbox 1317 3598 1361 3660; x_wconf 89' lang='lat'><strong>22,</strong></span> 
     </span>
     <span class='ocr_line' id='line_1_41' title="bbox 91 3659 1360 3731; baseline 0.002 -17"><span class='ocrx_word' id='word_1_359' title='bbox 91 3681 97 3693; x_wconf 90' lang='lat'><strong>·</strong></span> <span class='ocrx_word' id='word_1_360' title='bbox 183 3659 277 3716; x_wconf 67' lang='lat' dir='ltr'><strong>Cbsar.</strong></span> <span class='ocrx_word' id='word_1_361' title='bbox 322 3660 374 3714; x_wconf 90' lang='lat' dir='ltr'><strong>Die</strong></span> <span class='ocrx_word' id='word_1_362' title='bbox 399 3661 445 3716; x_wconf 90' lang='lat' dir='ltr'><strong>W.</strong></span> <span class='ocrx_word' id='word_1_363' title='bbox 464 3662 496 3715; x_wconf 85' lang='lat' dir='ltr'><strong>A.</strong></span> <span class='ocrx_word' id='word_1_364' title='bbox 525 3679 582 3731; x_wconf 89' lang='lat' dir='ltr'><strong>qua</strong></span> <span class='ocrx_word' id='word_1_365' title='bbox 606 3663 662 3717; x_wconf 88' lang='lat' dir='ltr'><strong>sibi</strong></span> <span class='ocrx_word' id='word_1_366' title='bbox 690 3663 744 3717; x_wconf 91' lang='lat' dir='ltr'><strong>scit</strong></span> <span class='ocrx_word' id='word_1_367' title='bbox 797 3670 813 3717; x_wconf 88' lang='lat'>3</span> <span class='ocrx_word' id='word_1_368' title='bbox 842 3682 876 3717; x_wconf 85' lang='lat' dir='ltr'><strong>zu</strong></span> <span class='ocrx_word' id='word_1_369' title='bbox 902 3665 935 3717; x_wconf 87' lang='lat' dir='ltr'><strong>ut</strong></span> <span class='ocrx_word' id='word_1_370' title='bbox 954 3693 988 3702; x_wconf 89' lang='lat'>—</span> <span class='ocrx_word' id='word_1_371' title='bbox 1011 3663 1201 3731; x_wconf 86' lang='lat' dir='ltr'><strong>praeceptum.</strong></span> <span class='ocrx_word' id='word_1_372' title='bbox 1230 3692 1264 3701; x_wconf 89' lang='lat'>-</span> <span class='ocrx_word' id='word_1_373' title='bbox 1292 3679 1360 3717; x_wconf 90' lang='lat' dir='ltr'><strong>non</strong></span> 
     </span>
     <span class='ocr_line' id='line_1_42' title="bbox 182 3730 1360 3816; baseline 0.003 -32"><span class='ocrx_word' id='word_1_374' title='bbox 182 3730 236 3813; x_wconf 75' lang='lat' dir='ltr'><strong>iter</strong></span> <span class='ocrx_word' id='word_1_375' title='bbox 258 3730 425 3785; x_wconf 86' lang='lat' dir='ltr'><strong>faciendum.</strong></span> <span class='ocrx_word' id='word_1_376' title='bbox 446 3763 477 3771; x_wconf 96' lang='lat'><em>-</em></span> <span class='ocrx_word' id='word_1_377' title='bbox 505 3739 530 3787; x_wconf 91' lang='lat'><strong>4.</strong></span> <span class='ocrx_word' id='word_1_378' title='bbox 558 3733 743 3816; x_wconf 31' lang='grc'><strong>,899119111-</strong></span> <span class='ocrx_word' id='word_1_379' title='bbox 797 3733 849 3789; x_wconf 87' lang='lat' dir='ltr'><strong>ita</strong></span> <span class='ocrx_word' id='word_1_380' title='bbox 867 3734 906 3788; x_wconf 86' lang='lat' dir='ltr'><strong>ist</strong></span> <span class='ocrx_word' id='word_1_381' title='bbox 924 3740 949 3801; x_wconf 87' lang='lat'><strong>4,</strong></span> <span class='ocrx_word' id='word_1_382' title='bbox 966 3739 1039 3799; x_wconf 80' lang='lat'>37,1</span> <span class='ocrx_word' id='word_1_383' title='bbox 1060 3752 1094 3816; x_wconf 78' lang='lat' dir='ltr'><strong>zu</strong></span> <span class='ocrx_word' id='word_1_384' title='bbox 1112 3734 1167 3787; x_wconf 87' lang='lat' dir='ltr'><strong>dan</strong></span> <span class='ocrx_word' id='word_1_385' title='bbox 1180 3732 1299 3787; x_wconf 86' lang='lat' dir='ltr'><strong>Worten</strong></span> <span class='ocrx_word' id='word_1_386' title='bbox 1318 3749 1360 3797; x_wconf 72' lang='lat' dir='ltr'><strong>er-</strong></span> 
     </span>
     <span class='ocr_line' id='line_1_43' title="bbox 182 3801 1361 3956; baseline 0 -28"><span class='ocrx_word' id='word_1_387' title='bbox 182 3820 262 3928; x_wconf 61' lang='lat'>3¹01?</span> <span class='ocrx_word' id='word_1_388' title='bbox 265 3818 320 3956; x_wconf 64' lang='lat' dir='ltr'><strong>rt?</strong></span> <span class='ocrx_word' id='word_1_389' title='bbox 327 3804 482 3929; x_wconf 68' lang='lat' dir='ltr'><strong>ulau</strong></span> <span class='ocrx_word' id='word_1_390' title='bbox 490 3805 744 3944; x_wconf 52' lang='lat' dir='ltr'><strong>&#39;abstitit</strong></span> <span class='ocrx_word' id='word_1_391' title='bbox 798 3804 1115 3944; x_wconf 46' lang='lat' dir='ltr'><strong>{legg-gggggg</strong></span> <span class='ocrx_word' id='word_1_392' title='bbox 1135 3801 1361 3943; x_wconf 60' lang='lat' dir='ltr'><strong>tultis</strong></span> 
     </span>
     <span class='ocr_line' id='line_1_44' title="bbox 182 3944 1361 4016; baseline 0.001 -19"><span class='ocrx_word' id='word_1_393' title='bbox 182 3944 347 4013; x_wconf 86' lang='lat' dir='ltr'><strong>publrcao</strong></span> <span class='ocrx_word' id='word_1_394' title='bbox 380 3945 565 4001; x_wconf 85' lang='lat' dir='ltr'><strong>commodo:</strong></span> <span class='ocrx_word' id='word_1_395' title='bbox 598 3947 744 4001; x_wconf 88' lang='lat' dir='ltr'><strong>commodo</strong></span> <span class='ocrx_word' id='word_1_396' title='bbox 798 3963 876 4016; x_wconf 86' lang='lat' dir='ltr'><strong>regn.</strong></span> <span class='ocrx_word' id='word_1_397' title='bbox 897 3961 991 4014; x_wconf 89' lang='lat' dir='ltr'><strong>occup.</strong></span> <span class='ocrx_word' id='word_1_398' title='bbox 1010 3961 1036 3999; x_wconf 84' lang='lat' dir='ltr'><strong>a.</strong></span> <span class='ocrx_word' id='word_1_399' title='bbox 1054 3945 1112 3999; x_wconf 89' lang='lat' dir='ltr'><strong>und</strong></span> <span class='ocrx_word' id='word_1_400' title='bbox 1130 3944 1267 4000; x_wconf 85' lang='lat' dir='ltr'><strong>veritus</strong></span> <span class='ocrx_word' id='word_1_401' title='bbox 1287 3945 1361 3999; x_wconf 74' lang='lat' dir='ltr'><strong>nach</strong></span> 
     </span>
     <span class='ocr_line' id='line_1_45' title="bbox 181 4015 1361 4086; baseline 0.002 -18"><span class='ocrx_word' id='word_1_402' title='bbox 181 4015 221 4068; x_wconf 90' lang='lat' dir='ltr'><strong>ist</strong></span> <span class='ocrx_word' id='word_1_403' title='bbox 238 4015 333 4070; x_wconf 88' lang='lat' dir='ltr'><strong>Ablat.</strong></span> <span class='ocrx_word' id='word_1_404' title='bbox 352 4016 402 4070; x_wconf 88' lang='lat' dir='ltr'><strong>der</strong></span> <span class='ocrx_word' id='word_1_405' title='bbox 425 4017 479 4070; x_wconf 89' lang='lat' dir='ltr'><strong>Art</strong></span> <span class='ocrx_word' id='word_1_406' title='bbox 501 4017 559 4070; x_wconf 91' lang='lat' dir='ltr'><strong>und</strong></span> <span class='ocrx_word' id='word_1_407' title='bbox 577 4017 685 4071; x_wconf 81' lang='lat' dir='ltr'><strong>Weiss:</strong></span> <span class='ocrx_word' id='word_1_408' title='bbox 713 4034 744 4071; x_wconf 90' lang='grc' dir='ltr'><strong>9ο</strong></span> <span class='ocrx_word' id='word_1_409' title='bbox 799 4032 825 4086; x_wconf 89' lang='lat' dir='ltr'><strong>a,</strong></span> <span class='ocrx_word' id='word_1_410' title='bbox 844 4017 912 4070; x_wconf 89' lang='lat' dir='ltr'><strong>oder</strong></span> <span class='ocrx_word' id='word_1_411' title='bbox 930 4017 1043 4086; x_wconf 86' lang='lat' dir='ltr'><strong>(besser)</strong></span> <span class='ocrx_word' id='word_1_412' title='bbox 1057 4016 1085 4070; x_wconf 91' lang='lat' dir='ltr'><strong>b.</strong></span> <span class='ocrx_word' id='word_1_413' title='bbox 1100 4045 1135 4057; x_wconf 92' lang='lat'>—</span> <span class='ocrx_word' id='word_1_414' title='bbox 1149 4015 1299 4081; x_wconf 88' lang='lat' dir='ltr'><strong>veritus,</strong></span> <span class='ocrx_word' id='word_1_415' title='bbox 1318 4032 1361 4070; x_wconf 88' lang='lat' dir='ltr'><strong>ne</strong></span> 
     </span>
     <span class='ocr_line' id='line_1_46' title="bbox 184 4084 1361 4157; baseline 0.003 -19"><span class='ocrx_word' id='word_1_416' title='bbox 184 4085 248 4139; x_wconf 88' lang='lat' dir='ltr'><strong>dass</strong></span> <span class='ocrx_word' id='word_1_417' title='bbox 267 4087 318 4140; x_wconf 91' lang='lat' dir='ltr'><strong>der</strong></span> <span class='ocrx_word' id='word_1_418' title='bbox 335 4085 416 4142; x_wconf 84' lang='lat' dir='ltr'><strong>Staat</strong></span> <span class='ocrx_word' id='word_1_419' title='bbox 433 4087 544 4141; x_wconf 82' lang='lat' dir='ltr'><strong>Nutzen</strong></span> <span class='ocrx_word' id='word_1_420' title='bbox 562 4087 648 4155; x_wconf 86' lang='lat' dir='ltr'><strong>habe;</strong></span> <span class='ocrx_word' id='word_1_421' title='bbox 667 4087 743 4145; x_wconf 76' lang='lat' dir='ltr'><strong>uba:</strong></span> <span class='ocrx_word' id='word_1_422' title='bbox 799 4119 833 4127; x_wconf 97' lang='lat'>—</span> <span class='ocrx_word' id='word_1_423' title='bbox 860 4103 926 4141; x_wconf 89' lang='lat' dir='ltr'><strong>non</strong></span> <span class='ocrx_word' id='word_1_424' title='bbox 952 4088 1082 4157; x_wconf 87' lang='lat' dir='ltr'><strong>posset:</strong></span> <span class='ocrx_word' id='word_1_425' title='bbox 1116 4085 1187 4141; x_wconf 80' lang='lat' dir='ltr'><strong>fiber</strong></span> <span class='ocrx_word' id='word_1_426' title='bbox 1214 4085 1260 4140; x_wconf 83' lang='lat' dir='ltr'><strong>die</strong></span> <span class='ocrx_word' id='word_1_427' title='bbox 1288 4084 1361 4141; x_wconf 80' lang='lat' dir='ltr'><strong>Con-</strong></span> 
     </span>
     <span class='ocr_line' id='line_1_47' title="bbox 184 4156 1361 4228; baseline 0.004 -20"><span class='ocrx_word' id='word_1_428' title='bbox 184 4173 248 4209; x_wconf 83' lang='lat' dir='ltr'><strong>zum</strong></span> <span class='ocrx_word' id='word_1_429' title='bbox 267 4157 454 4226; x_wconf 88' lang='lat' dir='ltr'><strong>allgemeineu</strong></span> <span class='ocrx_word' id='word_1_430' title='bbox 471 4158 587 4223; x_wconf 76' lang='lat' dir='ltr'><strong>Beatam</strong></span> <span class='ocrx_word' id='word_1_431' title='bbox 610 4158 698 4228; x_wconf 82' lang='lat' dir='ltr'><strong>vergi.</strong></span> <span class='ocrx_word' id='word_1_432' title='bbox 720 4164 744 4227; x_wconf 92' lang='lat'><strong>1,</strong></span> <span class='ocrx_word' id='word_1_433' title='bbox 799 4157 936 4213; x_wconf 87' lang='lat' dir='ltr'><strong>struction</strong></span> <span class='ocrx_word' id='word_1_434' title='bbox 975 4175 1032 4213; x_wconf 83' lang='lat' dir='ltr'><strong>von</strong></span> <span class='ocrx_word' id='word_1_435' title='bbox 1073 4156 1164 4212; x_wconf 83' lang='lat' dir='ltr'><strong>vereri</strong></span> <span class='ocrx_word' id='word_1_436' title='bbox 1198 4156 1361 4228; x_wconf 85' lang='lat' dir='ltr'><strong>vergleiche</strong></span> 
     </span>
     <span class='ocr_line' id='line_1_48' title="bbox 182 4228 1360 4298; baseline 0.003 -19"><span class='ocrx_word' id='word_1_437' title='bbox 182 4232 232 4295; x_wconf 79' lang='lat'><strong>35,</strong></span> <span class='ocrx_word' id='word_1_438' title='bbox 260 4233 278 4281; x_wconf 91' lang='lat'>4</span> <span class='ocrx_word' id='word_1_439' title='bbox 305 4245 338 4280; x_wconf 85' lang='lat' dir='ltr'><strong>zu</strong></span> <span class='ocrx_word' id='word_1_440' title='bbox 366 4228 442 4295; x_wconf 86' lang='lat' dir='ltr'><strong>quod</strong></span> <span class='ocrx_word' id='word_1_441' title='bbox 470 4229 623 4283; x_wconf 87' lang='lat' dir='ltr'><strong>commodo.</strong></span> <span class='ocrx_word' id='word_1_442' title='bbox 660 4229 744 4284; x_wconf 84' lang='lat' dir='ltr'><strong>Diesa</strong></span> <span class='ocrx_word' id='word_1_443' title='bbox 798 4246 821 4286; x_wconf 90' lang='lat' dir='ltr'><strong>c.</strong></span> <span class='ocrx_word' id='word_1_444' title='bbox 846 4235 871 4296; x_wconf 86' lang='grc'><strong>6,</strong></span> <span class='ocrx_word' id='word_1_445' title='bbox 896 4233 911 4282; x_wconf 81' lang='lat'>5</span> <span class='ocrx_word' id='word_1_446' title='bbox 940 4246 974 4282; x_wconf 85' lang='lat' dir='ltr'><strong>zu</strong></span> <span class='ocrx_word' id='word_1_447' title='bbox 1001 4228 1066 4282; x_wconf 88' lang='lat' dir='ltr'><strong>dem</strong></span> <span class='ocrx_word' id='word_1_448' title='bbox 1092 4228 1182 4284; x_wconf 88' lang='lat' dir='ltr'><strong>Wort.</strong></span> <span class='ocrx_word' id='word_1_449' title='bbox 1211 4259 1244 4269; x_wconf 88' lang='lat'>-</span> <span class='ocrx_word' id='word_1_450' title='bbox 1273 4245 1360 4298; x_wconf 89' lang='lat' dir='ltr'><strong>quos</strong></span> 
     </span>
     <span class='ocr_line' id='line_1_49' title="bbox 183 4297 1360 4368; baseline 0.006 -20"><span class='ocrx_word' id='word_1_451' title='bbox 183 4297 282 4350; x_wconf 86' lang='lat' dir='ltr'><strong>Worte</strong></span> <span class='ocrx_word' id='word_1_452' title='bbox 294 4297 406 4352; x_wconf 82' lang='lat' dir='ltr'><strong>werden</strong></span> <span class='ocrx_word' id='word_1_453' title='bbox 420 4298 537 4352; x_wconf 84' lang='lat' dir='ltr'><strong>deshalb</strong></span> <span class='ocrx_word' id='word_1_454' title='bbox 551 4299 743 4368; x_wconf 79' lang='lat' dir='ltr'><strong>hinzugefiigt,</strong></span> <span class='ocrx_word' id='word_1_455' title='bbox 798 4331 832 4340; x_wconf 95' lang='lat'>-</span> <span class='ocrx_word' id='word_1_456' title='bbox 866 4299 973 4354; x_wconf 84' lang='lat' dir='ltr'><strong>sciret</strong></span> <span class='ocrx_word' id='word_1_457' title='bbox 1004 4298 1043 4353; x_wconf 88' lang='lat' dir='ltr'><strong>ist</strong></span> <span class='ocrx_word' id='word_1_458' title='bbox 1070 4299 1246 4365; x_wconf 78' lang='lat' dir='ltr'><strong>Causalsata3</strong></span> <span class='ocrx_word' id='word_1_459' title='bbox 1280 4299 1360 4355; x_wconf 78' lang='lat' dir='ltr'><strong>uber·</strong></span> 
     </span>
     <span class='ocr_line' id='line_1_50' title="bbox 169 4364 1360 4444; baseline 0.007 -28"><span class='ocrx_word' id='word_1_460' title='bbox 169 4364 238 4418; x_wconf 76' lang='lat' dir='ltr'><strong>weil</strong></span> <span class='ocrx_word' id='word_1_461' title='bbox 262 4367 424 4434; x_wconf 52' lang='lat' dir='ltr'><strong>Labienus,</strong></span> <span class='ocrx_word' id='word_1_462' title='bbox 441 4385 479 4424; x_wconf 84' lang='lat' dir='ltr'><strong>an</strong></span> <span class='ocrx_word' id='word_1_463' title='bbox 508 4369 601 4426; x_wconf 89' lang='lat' dir='ltr'><strong>einem</strong></span> <span class='ocrx_word' id='word_1_464' title='bbox 634 4369 746 4444; x_wconf 61' lang='grc'><strong>8911119-</strong></span> <span class='ocrx_word' id='word_1_465' title='bbox 800 4372 875 4427; x_wconf 74' lang='lat' dir='ltr'><strong>setta</strong></span> <span class='ocrx_word' id='word_1_466' title='bbox 895 4370 948 4437; x_wconf 78' lang='lat' dir='ltr'><strong>ilm</strong></span> <span class='ocrx_word' id='word_1_467' title='bbox 968 4370 1010 4424; x_wconf 87' lang='grc'><strong>919</strong></span> <span class='ocrx_word' id='word_1_468' title='bbox 1029 4369 1152 4425; x_wconf 88' lang='lat' dir='ltr'><strong>solchen.</strong></span> <span class='ocrx_word' id='word_1_469' title='bbox 1177 4399 1212 4411; x_wconf 89' lang='lat'>-</span> <span class='ocrx_word' id='word_1_470' title='bbox 1235 4375 1261 4427; x_wconf 81' lang='grc'><strong>6.</strong></span> <span class='ocrx_word' id='word_1_471' title='bbox 1283 4386 1360 4440; x_wconf 86' lang='lat' dir='ltr'><strong>per·</strong></span> 
     </span>
    </p>
   </div>
   <div class='ocr_carea' id='block_1_4' title="bbox 0 0 1417 4778">
    <p class='ocr_par' dir='ltr' id='par_1_5' title="bbox 0 0 1417 4778">
     <span class='ocr_line' id='line_1_51' title="bbox 0 0 1417 4778; baseline 0 0"><span class='ocrx_word' id='word_1_472' title='bbox 0 0 1417 4778; x_wconf 95' lang='lat' dir='ltr'><strong> </strong></span> 
     </span>
    </p>
   </div>
  </div>
 </body>
</html>
