2804 4778
461 243 529 299 LIB.
549 244 597 299 VI.
625 244 703 301 GAP.
723 248 836 298 32-34.

1175 244 1239 309 195

65 430 261 493 magnamque
294 429 343 471 res
375 409 556 488 diligentiam
590 407 761 486 requirebat
792 426 851 468 non
884 411 915 469 in
946 427 1059 470 summa
1093 413 1242 472 exercitus

67 501 177 564 tuenda
204 495 333 582 (nullum
361 500 440 559 enim
467 504 586 576 poterat
608 498 755 556 universis
779 495 816 556 ab
846 499 1016 576 perterritis
1040 517 1074 558 ac
1097 498 1242 578 dispersis

66 589 234 669 periculum
257 580 417 669 accidere),
447 585 499 647 sed
529 586 561 645 in
591 583 715 663 singulis
729 584 882 646 militibus
912 587 1135 668 conservandis3
1167 606 1242 666 quae

67 689 166 739 tamen
190 696 226 737 er
248 684 333 755 parte
357 693 406 735 res
425 674 461 734 ad
484 673 609 734 salutem
629 673 779 733 exercitus
802 673 980 752 pertinebat.
1011 675 1086 735 Nam
1105 685 1135 736 et
1157 694 1241 755 prae·
1260 687 1278 734 4
1388 754 1392 760 Ι

67 769 122 828 dac
146 764 292 845 cupiditas
315 763 424 824 multos
453 763 571 841 longius
594 759 746 841 evocabat,
774 768 804 821 et
832 761 921 823 silvae
950 765 1073 824 incertis
1103 764 1240 825 occultis·

69 875 126 934 que
155 853 315 915 itineribus
343 852 495 912 confertos
522 849 603 910 adire
635 847 841 928 prohibebant.
896 850 928 911 Si
956 855 1108 930 negotium
1137 854 1278 913 conticit

68 946 251 1023 stirpemque
275 942 429 1000 hominum
452 937 665 999 sceleratorum
688 937 939 1020 interficivellet,
964 940 1155 1001 dimittendae
1177 939 1242 1019 plu·

69 1051 118 1093 res
141 1049 246 1092 manus
270 1028 488 1106 diducendique
512 1034 598 1087 erant
619 1026 741 1107 milites3
761 1028 791 1086 si
815 1028 970 1088 continere
989 1028 1025 1088 ad
1049 1031 1132 1108 signa
1151 1032 1278 1090 mani-o

67 1120 154 1200 pulos
186 1118 287 1198 vellet,
317 1125 352 1178 ut
384 1119 519 1176 instituta
552 1116 628 1175 ratio
660 1122 690 1174 et
723 1114 908 1175 consuetudo
942 1119 1091 1179 exercitus
1119 1118 1244 1178 Romani

68 1206 248 1289 postulabat,
280 1206 365 1266 locus
393 1207 457 1283 ipse
486 1211 550 1263 erat
581 1202 729 1282 praesidio
758 1201 907 1277 barbaris,
937 1223 1034 1284 neque
1063 1225 1098 1266 ex
1127 1206 1244 1267 occulto

69 1295 227 1358 insidiandi
251 1302 281 1355 et
303 1293 454 1373 dispersos
478 1291 730 1352 circumveniendi
753 1291 879 1370 singulis
902 1293 1005 1355 deerat
1028 1294 1158 1355 audacia.
1204 1295 1242 1356 Ut
1264 1307 1278 1354 v

68 1389 100 1445 in
133 1384 278 1446 eiusmodi
310 1379 550 1460 difficultatibus,
583 1387 726 1458 quantum
759 1378 909 1458 diligentia
940 1383 1092 1461 provideri
1118 1391 1245 1464 poterat,

68 1472 292 1553 providebatur,
319 1478 354 1530 ut
380 1471 480 1549 potius
503 1471 535 1528 in
558 1467 692 1528 nocendo
716 1467 826 1546 aliquid
853 1473 1157 1552 praetermitteretur,
1189 1475 1246 1532 etsi

69 1564 202 1622 omnium
229 1563 319 1621 animi
349 1559 385 1619 ad
412 1557 616 1618 ulciscendum
647 1555 808 1637 ardebant,
830 1575 918 1637 quam
947 1577 1014 1619 cum
1043 1559 1141 1638 aliquo
1170 1560 1244 1629 mili·

70 1659 133 1711 tum
156 1650 335 1711 detrimento
359 1654 527 1707 noceretur.
572 1645 700 1706 Dimittit
728 1644 763 1705 ad
792 1646 931 1706 finitimas
960 1650 1093 1708 civitates
1121 1651 1277 1711 nuntiose

71 1737 191 1799 Caesar:
219 1755 322 1797 omnes
352 1735 388 1795 ad
418 1754 450 1795 se
474 1741 559 1794 vocat
582 1752 634 1812 spe
657 1734 783 1812 praedae
807 1734 843 1793 ad
872 1734 1055 1813 diripiendos
1078 1735 1245 1818 Eburones

70 1834 105 1888 ut
127 1827 226 1905 potius
250 1827 281 1885 in
304 1824 384 1884 silvis
407 1822 559 1884 Gallorum
581 1825 641 1882 vita
663 1839 751 1899 quam
785 1815 963 1900 legionarius
987 1824 1071 1884 miles
1098 1825 1246 1903 periclite-

71 1923 131 1995 tur,
154 1913 241 1974 simul
260 1922 421 1991 utmagna
440 1909 630 1971 multitudine
649 1910 830 1969 circumfusa
851 1928 907 1989 pro
930 1911 982 1971 tali
1005 1913 1135 1972 facinore
1155 1916 1246 1992 stirps

72 2022 106 2063 ac
138 2019 246 2062 nomen
280 2003 406 2062 civitatis
438 1999 567 2060 tollatur.
612 1997 735 2076 Magnus
768 1997 898 2076 undique
932 2017 1075 2061 numerus
1109 2000 1281 2066 celeritere

73 2093 219 2152 convenit.

72 2277 233 2332 Nachbcrn.
252 2306 285 2316 -
305 2290 541 2344 magnamque:
564 2274 634 2328 uber

72 2365 127 2417 que
146 2367 167 2402 s.
182 2354 208 2415 3,
224 2353 267 2414 19,
283 2353 296 2399 1
316 2363 352 2399 zu
370 2344 586 2414 exanimatique·
599 2375 632 2383 -

72 2436 200 2474 summe
214 2417 399 2472 exercitus:
414 2415 569 2470 dosGanze
583 2416 633 2470 des

70 2490 183 2545 Heeres.
199 2519 232 2530 -
248 2504 332 2559 quae
351 2490 465 2542 temen
479 2503 516 2541 ex
533 2488 632 2556 parte

71 2577 137 2615 res:
166 2561 238 2615 euch
267 2559 438 2613 anderwitrts
460 2558 548 2612 findet
572 2557 633 2612 sich

71 2633 240 2686 tamendem
247 2628 526 2698 Relativsatzebcige
548 2630 631 2694 eben3

72 2719 102 2757 es
120 2701 231 2757 bezieht
245 2701 304 2755 sich
319 2700 370 2773 uui
383 2701 465 2755 einen
478 2700 509 2753 in
523 2647 632 2754 dedan-

71 2773 128 2828 ken
146 2790 180 2827 zu
201 2772 394 2854 ergttncenden
412 2770 633 2839 Einrttumunge-

70 2846 132 2898 satu
141 2843 304 2912 (obgle1ch);
316 2858 350 2895 ex
359 2844 440 2909 perte
449 2841 488 2894 ist
497 2840 634 2894 zwischen

71 2911 635 3038 ihitafflitiiiflblmtissiidi

73 3054 246 3110 exerc-itus
266 3053 325 3121 (des
343 3068 450 3122 genten
463 3051 578 3119 Heeres)
595 3050 634 3104 im

73 3124 230 3195 Gegensetz
241 3124 324 3178 steht.
334 3155 367 3164 -
376 3129 401 3178 4.
412 3123 508 3176 Nam:
522 3121 635 3176 bezieht

72 3197 133 3251 sich
143 3197 193 3250 auf
201 3209 391 3266 magnamque
400 3210 444 3247 res
457 3192 635 3263 diligentiam

73 3268 234 3336 requirebat
247 3297 281 3307 -
295 3267 326 3319 in
339 3264 458 3334 singulis
471 3264 555 3318 milit.
570 3279 634 3318 con·

73 3337 226 3394 servandis.
242 3369 276 3378 -
290 3335 441 3406 longius:
459 3335 519 3390 als?
539 3334 634 3388 -in-

74 3410 178 3464 certis
205 3437 238 3450 -
266 3407 455 3462 itineribus
483 3405 544 3461 sind
569 3405 633 3460 Abl.

74 3481 132 3534 abs.
157 3511 181 3519 -
205 3479 301 3534 adire
319 3476 563 3549 prohibebant:
587 3493 635 3529 zur

74 3549 270 3604 construction
289 3548 376 3618 vergl.
395 3554 421 3615 2,
438 3555 456 3601 4
473 3566 508 3602 zu
524 3546 635 3616 ingredi

74 3620 324 3690 -Aprohibucrint
339 3649 372 3659 -
387 3622 413 3675 b.
428 3618 512 3672 Si-
525 3617 636 3671 vellet

74 3691 202 3762 (gewollt
218 3691 323 3759 bitte),
346 3687 581 3743 dimittendae
600 3715 634 3727 ——

74 3760 328 3829 diducendique
348 3760 474 3813 ¹erant:
511 3757 635 3827 Beispiel

74 3835 151 3890 einer
164 3829 459 3902 Bedingungsperiode
477 3829 531 3883 mit
543 3827 635 3882 einem

73 3904 232 3959 Nebensatz
258 3903 299 3956 im
326 3901 404 3971 Gonj.
437 3900 486 3955 des
514 3899 635 3968 Imperi,

73 3976 163 4031 vobin
185 3975 237 4028 wir
257 3974 308 4028 dos
326 3970 635 4041 Plusquemperfectum

74 4049 175 4114 setzen,
189 4045 247 4100 und
265 4044 318 4098 mit
333 4043 424 4098 einem
438 4042 577 4096 Neohsatz
595 4041 635 4095 im

73 4116 213 4173 indicativ
235 4115 311 4170 eines
332 4113 518 4168 historischen
537 4114 634 4181 Temp.

73 4206 139 4244 vom
167 4187 317 4244 Gerundiv.
357 4184 424 4238 Dies
452 4183 635 4238 dimittendae

74 4255 635 4327 udidueendiqueerentfugezuoporte·

75 4331 126 4384 bet
144 4336 175 4398 1,
193 4336 217 4384 4.
238 4361 271 4370 -
294 4325 469 4399 negotium
494 4323 634 4381 confici:

75 4401 120 4456 die
132 4400 221 4455 Sache
230 4400 298 4454 kurz
308 4399 375 4454 oder
383 4413 455 4468 gone
470 4396 636 4465 abmaehen,

686 2273 740 2327 mit
754 2274 803 2328 der
817 2274 906 2330 Seche
920 2276 1014 2345 gleich
1028 2276 1114 2347 fertig
1126 2278 1247 2332 werden.

688 2376 721 2384 -
745 2344 970 2416 stirpemque:
993 2347 1114 2403 welches
1137 2349 1175 2402 ist
1198 2349 1248 2404 das

686 2414 864 2471 Verhhltniss
887 2417 978 2472 dieses
1003 2419 1098 2474 Satzes
1124 2438 1158 2473 zu
1184 2420 1248 2474 dem

686 2487 952 2557 vorhergehenden?
967 2521 994 2529 -
1018 2489 1053 2543 Si
1077 2521 1103 2530 -
1125 2490 1167 2544 si:
1188 2491 1249 2545 Bei-

687 2557 758 2626 spiel
785 2574 841 2612 von
868 2559 938 2614 arvei
969 2559 1028 2615 sich
1061 2563 1249 2632 entgegenge·

687 2630 794 2682 setzten
812 2629 1101 2700 Bedingungssiitzem
1120 2631 1208 2701 vergl.
1224 2637 1248 2700 5,

671 2704 730 2766 29,
749 2706 775 2753 6.
794 2730 828 2739 -
848 2706 872 2755 6,
891 2699 1060 2756 institute
1077 2702 1114 2756 ist
1132 2707 1187 2757 αθ
1207 2719 1249 2756 er-

686 2769 770 2824 klart.
781 2800 815 2809 —
826 2775 850 2823 7.
865 2770 909 2825 Ut
921 2771 956 2825 in
971 2771 1139 2826 eiusmodi
1153 2771 1249 2826 diffi-

687 2839 897 2894 cultatibus:
916 2844 949 2896 ut
967 2841 1064 2896 hetin
1082 2843 1146 2897 dem
1164 2844 1249 2912 ehge-

686 2910 803 2963 kiirzten
824 2910 907 2965 Sotae
930 2913 1054 2968 dieselbe
1074 2914 1248 2983 Bedeutung,

687 2980 733 3062 die
753 2996 782 3034 es
800 2981 831 3034 in
849 2981 941 3036 einem
963 2984 1173 3055 vollsttndigen
1190 2984 1249 3054 het,

687 3067 741 3104 wre
759 3051 832 3126 z.·B.
852 3059 882 3121 4,
901 3059 918 3106 3
936 3057 969 3108 ut
987 3056 1030 3109 est
1047 3057 1155 3125 eaptus,
1176 3055 1248 3110 also:

688 3121 802 3176 solchen
827 3123 1010 3195 schwierigen
1028 3125 1250 3195 Verhtltnissen,

688 3190 757 3247 oder
775 3191 851 3248 einer
864 3210 895 3248 so
915 3195 1099 3267 schvvierigon
1113 3197 1188 3266 Lege
1202 3212 1250 3267 ge·
1319 3252 1320 3255 ,

688 3268 770 3318 mites.
786 3294 820 3304 -
837 3264 973 3334 aliquid
991 3267 1251 3335 praetermitte·

687 3336 795 3389 retur:
828 3351 895 3389 men
920 3339 1038 3392 manche
1066 3337 1251 3409 Gelegenheit

688 3406 841 3460 unbenetzt
866 3406 942 3463 liess.
970 3438 1004 3448 —
1032 3425 1104 3463 cum
1133 3409 1249 3480 aliquo

688 3505 723 3515 —
738 3475 960 3533 detrimento:
979 3479 1074 3548 aliquo
1092 3480 1131 3535 ist
1149 3498 1182 3534 zu
1200 3482 1250 3535 be-

687 3548 786 3601 tonen:
810 3549 883 3603 auch
901 3567 954 3603 nur
972 3551 1024 3605 mit
1043 3551 1177 3622 einigem,
1196 3551 1249 3605 mit

688 3617 753 3698 dem
762 3617 925 3689 geringsten
934 3621 1095 3676 Nachtheil.
1108 3653 1139 3662 -
1152 3629 1176 3676 8.
1192 3621 1249 3674 Di-

688 3688 811 3742 mittit:
834 3691 922 3761 vergl.
942 3697 967 3758 1,
987 3698 1002 3746 9
1021 3711 1056 3746 zu
1074 3693 1250 3759 relinqueba-

687 3760 742 3812 tur.
779 3759 835 3812 Fur
853 3761 890 3815 ad
908 3777 937 3816 se
956 3766 1039 3817 vocet
1059 3763 1122 3831 gibt
1140 3762 1186 3816 die
1204 3761 1249 3816 W.

688 3830 721 3882 A.
736 3829 959 3911 vvohluriohtiger
972 3835 1078 3887 evocet.
1090 3864 1123 3872 -
1134 3831 1250 3886 Gallo·

688 3917 760 3953 rum
791 3903 865 3955 vita
899 3920 998 3972 quam
1033 3902 1249 3974 legionarius

688 3970 800 4025 miles:
819 3972 989 4042 legionarius
1008 3973 1089 4028 miles
1107 3973 1175 4027 kurz
1187 3973 1249 4028 fura

690 4072 723 4080 -
741 4058 801 4110 pro
819 4042 886 4096 tali
904 4043 1072 4098 facinore:
1096 4045 1184 4100 vvorin
1203 4046 1251 4099 be·

688 4112 771 4165 stand
789 4114 837 4168 es?
861 4144 894 4152 —
919 4130 956 4168 ac
974 4130 1105 4170 nomen:
1129 4116 1199 4170 iiber
1216 4110 1258 4170 ac‘

689 4200 709 4236 s.
730 4187 812 4264 2,,28,
828 4188 851 4238 1.
870 4215 902 4222 -
923 4190 948 4238 9.
967 4185 1108 4256 Magnus
1122 4218 1156 4227 —
1171 4203 1250 4241 con·

688 4254 796 4307 vemt:
815 4252 864 4307 der
877 4254 964 4311 harre
979 4255 1052 4324 Satn,
1071 4258 1249 4328 asyndetiseh

689 4322 833 4393 angefdgt,
851 4325 949 4381 deutet
962 4343 1006 4395 nn,
1021 4328 1075 4383 vvie
1088 4330 1177 4383 rosch
1184 4346 1260 4381 man

689 4393 791 4450 (lasura
819 4395 1039 4466 huliordernng
1062 4397 1181 4465 geiste&
1202 4409 1280 4444 etex.

1007 4483 1068 4538 hh*
