2804 4778
447 240 611 298 LIB.v111.
639 239 716 298 uAP.
736 249 851 298 ac-or.
1171 245 1237 310 287

64 409 227 490 compleut3
259 426 310 469 eas
342 406 481 469 ardentes
513 410 545 469 iu
578 427 667 489 opera
699 410 877 489 provolvunt
907 410 1071 491 eodemque
1103 421 1238 493 tempore

64 501 208 560 acerrime
231 496 426 578 proeliantur,
448 504 483 558 ut
508 496 544 557 ab
563 498 702 558 incendio
716 498 929 579 restinguendo
945 499 1142 562 dimicationis
1160 504 1238 581 peri·

64 587 132 649 culo
151 587 323 648 deterreant
340 584 498 646 Romanos.
539 585 644 665 Magna
662 595 786 666 repente
810 589 840 648 iu
864 590 937 667 ipsis
960 588 1102 668 operibus
1120 589 1238 651 llamma

63 677 185 738 exstitit.
232 674 444 753 Quaecumque
474 675 555 734 enim
583 693 639 754 per
670 675 768 736 locum
801 678 994 756 praecipitem
1027 679 1116 739 missa
1144 687 1277 753 eranta

63 783 98 825 ea
126 765 220 824 vineis
248 770 279 823 et
306 779 413 841 aggere
442 780 602 842 suppressa
636 764 926 843 comprehendebant
953 764 983 825 id
1011 768 1124 847 ipsum,
1158 767 1238 847 quod

62 849 244 913 morabatur.
276 850 384 911 Milites
399 859 503 912 eontra
517 854 613 912 nostri
631 869 810 931 quamquam
823 853 992 932 periculoso
1006 872 1116 933 genere
1131 855 1238 935 proelii
1257 867 1275 916 a

63 941 189 1019 locoque
217 941 321 1018 iniquo
349 939 576 1022 premebantur,
604 947 703 1001 tamen
731 943 830 1003 omnia
857 942 1020 1003 fortissimo
1052 943 1239 1005 sustinebant

29 1049 31 1052 ’
62 1032 169 1090 animo.
211 1027 271 1088 Re's
295 1029 375 1088 enim
397 1026 558 1108 gerebatur
581 1036 612 1089 et
634 1029 752 1090 excelso
775 1029 840 1090 loco
864 1033 948 1093 etin
971 1039 1135 1111 conspeetu
1154 1044 1275 1093 exer-4

62 1121 141 1179 citus
168 1118 265 1178 nostri
292 1133 476 1195 magnusque
504 1119 656 1196 utrimque
685 1117 796 1178 clamor
823 1118 984 1181 oriebatur.
1030 1120 1074 1181 lta
1102 1122 1239 1202 quisque,

62 1214 98 1267 ut
121 1214 185 1267 erat
208 1207 334 1266 maxime
357 1207 492 1286 insignis,
515 1224 575 1284 quo
597 1207 698 1266 notior
721 1209 915 1287 testatiorque
939 1211 1034 1269 virtus
1058 1216 1138 1270 esset
1164 1212 1238 1290 eius,

61 1295 131 1356 telis
153 1295 284 1355 hostium
307 1293 501 1372 flammaeque
524 1313 557 1354 se
580 1293 732 1356 offerebat.

155 1379 207 1444 43.
245 1381 353 1443 Caesar
383 1400 452 1443 eum
482 1382 653 1462 complures
679 1402 751 1444 suos
773 1383 924 1445 vulnerari
946 1383 1077 1466 videret,
1109 1402 1145 1445 ex
1177 1403 1239 1445 om·

63 1471 154 1533 nibus
181 1470 283 1551 oppidi
311 1470 447 1550 partibus
475 1472 615 1532 cohortes
643 1479 775 1534 montem
802 1472 964 1534 ascendere
992 1480 1023 1533 et
1051 1473 1238 1534 simulatione
1339 1520 1341 1525 .

64 1562 216 1621 moenium
256 1559 499 1641 occupandorum
530 1560 691 1621 clamorem
723 1561 855 1640 undique
887 1560 972 1623 iubet
1003 1561 1117 1622 tollere.
1172 1561 1274 1632 Quen

62 1650 141 1710 sacto
172 1649 327 1729 perterriti
359 1649 514 1730 oppidani,
544 1668 629 1724 eum,
663 1649 733 1728 quid
764 1658 904 1729 ageretur
936 1652 967 1711 ln
999 1650 1073 1711 locis
1106 1649 1240 1730 reliquis,

63 1745 166 1798 essent
189 1738 337 1819 suspensi,
359 1746 500 1799 revocant
523 1736 560 1798 ab
582 1737 790 1818 impugnandis
814 1738 955 1818 operibus
978 1747 1108 1800 armatos
1130 1741 1239 1800 muris-

64 1845 122 1907 que
147 1826 318 1905 dispouunt.
354 1825 398 1887 lta
416 1828 513 1887 nostri
535 1827 593 1886 flue
616 1826 723 1906 proelii
745 1828 824 1888 lacto
848 1827 986 1888 celeriter
1009 1845 1099 1907 opera
1122 1826 1276 1889 flammae

64 1913 281 1994 comprehensa
303 1917 412 1993 partim
434 1917 639 1996 restinguunt,
668 1918 776 1994 partim
799 1915 1028 1976 interscindunt.
1074 1914 1149 1976 Cum
1171 1933 1238 1995 per·
1258 1929 1276 1976 4

62 2005 203 2065 tinaciter
221 2003 398 2063 resisterent
417 2003 565 2083 oppidani,
587 2021 692 2082 magna
711 2005 799 2064 etiam
818 2010 902 2082 parte
922 2006 1029 2064 amissa
1048 2005 1098 2063 siti
1116 2020 1240 2063 suorum
1282 2037 1284 2041 ,

62 2095 94 2154 iu
126 2093 273 2154 sententia
302 2099 526 2171 permanerent,
556 2090 593 2151 ad
624 2101 811 2171 postremum
843 2091 990 2152 cuniculis
1024 2109 1115 2152 venae
1148 2092 1240 2151 fontis

63 2181 222 2241 intercisae
247 2187 318 2243 sunt
340 2188 429 2259 atque
448 2196 577 2240 aversae.
620 2180 686 2250 Quo
710 2181 787 2240 lacto
810 2188 934 2261 repente
957 2181 1099 2261 perennis
1122 2181 1274 2242 exaruite

64 2270 132 2329 fons
154 2277 326 2348 tantamque
351 2267 449 2329 attulit
472 2267 627 2348 oppidanis
655 2268 760 2330 salutis
788 2268 1039 2349 desperationem,
1069 2278 1102 2330 ut
1125 2268 1155 2329 id
1179 2285 1240 2329 nen

63 2358 218 2418 homiuum
241 2356 382 2438 consilio,
406 2356 457 2418 sed
481 2356 608 2417 deorum
629 2357 780 2418 volomtate
804 2357 915 2419 iactum
938 2365 1087 2438 putarent.
1137 2357 1239 2436 ltaque

68 2465 100 2507 se
124 2448 302 2507 necessitate
326 2448 421 2507 coacti
443 2444 639 2506 tradiderunt.

153 2531 206 2596 44.
252 2532 372 2615 Caesar,
404 2551 474 2596 cum
502 2551 586 2594 suam
617 2533 769 2595 lenitatem
802 2536 950 2614 cognitam
982 2534 1120 2596 omuibus
1151 2537 1242 2596 sciret

65 2641 163 2703 neque
192 2632 361 2705 sereretur,
388 2641 425 2684 ne
455 2620 525 2703 quid
559 2621 734 2684 crudelitate
764 2631 887 2684 natiuae
921 2622 1072 2684 videretur
1103 2625 1240 2703 asperius

63 2712 185 2793 iecisse,
213 2729 310 2790 neque
339 2714 452 2772 exitum
479 2711 673 2773 consiliorum
701 2728 824 2772 suorum
847 2710 1107 2793 animadverteret,
1136 2714 1162 2771 si
1189 2710 1240 2771 tali

65 2801 180 2860 ratione
204 2799 330 2860 diversis
352 2801 383 2860 ln
406 2799 479 2883 locis
501 2799 605 2881 plures
628 2799 751 2861 consilia
773 2801 914 2878 inissent,
944 2799 1079 2879 exemplo
1102 2799 1240 2879 supplicii

65 2888 261 2949 deterrendos
283 2887 416 2966 reliquos
438 2890 625 2950 existimavit.
671 2888 773 2966 ltaque
797 2887 949 2969 omnibus,
977 2889 1028 2967 qui
1056 2906 1137 2948 arma
1166 2887 1239 2948 tule-

64 2985 141 3057 rant,
164 2994 270 3037 manus
292 2975 438 3056 praecidit
460 2979 610 3056 vitamque
629 2977 788 3058 concessit,
810 2994 869 3056 quo
888 2978 1024 3037 testatior
1043 2985 1123 3037 esset
1146 2993 1240 3056 poena

64 3063 279 3144 improborum.
325 3063 472 3146 Drappes,
500 3082 590 3145 quem
618 3072 738 3144 captum
766 3082 833 3125 esse
861 3083 878 3125 a
901 3063 1024 3125 Caninio
1048 3065 1149 3146 docui,
1177 3066 1275 3125 sivea
1333 3116 1339 3121 .

64 3153 240 3232 indignitate
272 3160 304 3213 et
334 3150 436 3213 dolore
469 3153 657 3214 vinculorum
690 3155 752 3214 sive
786 3154 893 3214 timore
925 3155 1069 3232 gravioris
1101 3151 1239 3232 supplicii

100 3340 168 3410 (lap.
192 3346 235 3395 42.
268 3347 292 3397 2.
322 3357 361 3394 su
389 3357 510 3411 pressa
535 3340 625 3396 heisst
680 3357 756 3410 que:
775 3357 811 3395 an
829 3340 922 3399 vielen
941 3340 1049 3396 Stellen
1065 3342 1116 3397 der
1133 3342 1240 3396 Macer.

65 3411 200 3535 aig-{iim
218 3409 356 3467 Weiterro
380 3429 415 3536 qu
434 3411 625 3537 ausgegmqben.
679 3412 783 3538 sschbqev
802 3414 853 3497 pul
886 3412 1084 3538 denhblpssen
1092 3412 1240 3538 bAlquebiy.

65 3499 374 3609 ornatura?
389 3498 627 3624 &stille
679 3484 982 3623 mlatqilm⁰⁸⁰⁰
1021 3499 1127 3554 ”⁵³³⁰
1184 3485 1241 3538 *¹¹¹

65 3623 299 3749 ellidii?
315 3623 627 3765 sabinella
679 3624 1241 3767 1alliciebantdicuutur

65 3782 150 3834 quam
174 3766 292 3834 quisque
314 3767 427 3836 poterae
447 3765 568 3822 maxime
585 3765 626 3821 iu-
680 3797 715 3808 ·-
733 3784 844 3838 neque
863 3768 1051 3823 vereretur:
1071 3764 1131 3821 dies
1148 3780 1240 3833 neque

66 3835 161 3906 signis.
171 3866 204 3878 -
215 3836 393 3893 testatior:
403 3836 625 3908 offenlrundiger.
680 3839 887 3909 correspondiri
899 3837 979 3895 nicht
989 3837 1042 3892 mit
1055 3836 1119 3891 dem
1132 3835 1241 3905 folgen-

61 3972 67 3979 ,
102 3906 169 3976 (lep.
192 3913 235 3963 43.
265 3913 288 3964 1.
315 3908 506 3979 complures
534 3924 626 3965 aucae
680 3910 735 3965 den
762 3927 854 3979 neque
877 3910 992 3966 exitum.
1028 3907 1085 3961 Des
1110 3905 1241 3961 Verhiilb

65 3977 149 4033 echte
162 3977 213 4032 eui
224 3978 279 4033 den
290 3978 474 4034 Untereehied
487 3978 626 4036 zwischen
679 3979 738 4036 nias
756 3981 806 4037 des
825 3981 920 4036 Setaea
938 3978 1022 4033 sciret
1048 3993 1139 4047 neque
1164 3993 1241 4031 vere·

65 4049 131 4104 dem
154 4049 315 4105 Deutseheu
341 4050 398 4104 und
420 4050 626 4107 Leleinischen.
678 4052 825 4109 retaciat?
840 4081 873 4090 -—
887 4047 1124 4105 consiliorum:
1141 4048 1251 4103 Unice·

65 4119 161 4190 Vergl.
182 4125 207 4189 7,
221 4126 255 4176 lu
275 4139 310 4175 zu
326 4121 384 4176 tres
403 4121 456 4177 etc.
472 4151 505 4162 -
525 4121 627 4177 simu·
679 4123 867 4191 nehmungen,
885 4121 935 4174 der
952 4118 1167 4188 Unierweriung
1185 4134 1241 4173 von

65 4191 212 4246 latione:
253 4191 308 4246 mit
343 4192 410 4247 oder
445 4195 528 4248 unior
563 4192 628 4247 dem
682 4209 753 4263 gouz
771 4191 890 4246 Gelliam.
912 4220 947 4231 —
969 4191 1098 4261 plures:
1121 4188 1241 4244 Vblker-

66 4260 193 4330 Scheine,
201 4261 296 4317 indam
315 4261 356 4317 sie
369 4262 429 4318 sich
446 4263 568 4334 stellben,
582 4265 625 4318 uls
680 4262 808 4318 schailen
830 4262 898 4317 oder
916 4260 1041 4316 Steeten.
1066 4291 1100 4301 —
1129 4259 1241 4315 consi·

66 4332 181 4388 wollten
200 4332 248 4388 sie.
268 4364 301 4373 —
319 4339 343 4388 2.
363 4334 532 4404 suspensi:
552 4335 625 4418 eiga
678 4333 740 4388 lie:
765 4331 930 4402 ieindselige
948 4331 1048 4400 Plane,
1071 4331 1240 4401 Ausehlltge.

65 4403 96 4458 in
113 4403 239 4472 Zweifel,
264 4404 414 4474 ungewiss.
442 4435 475 4448 -
503 4423 626 4462 murro·
680 4437 714 4446 -
741 4410 770 4461 2.
792 4403 910 4460 docuir
930 4409 1023 4460 aab.
1047 4432 1082 4442 —
1107 4400 1257 4464 scissis·-
