2804 4778
488 257 556 314 ΜΒ.
575 256 648 312 viu.
675 256 752 312 our.
773 249 886 314 1'o-1s.
907 326 910 331 p
1208 256 1275 322 275

97 444 155 487 nec
182 427 266 504 prius
294 426 384 485 linem
411 425 498 503 fugae
526 424 665 484 lecerunt
697 442 785 505 saepe
814 425 932 485 amissis
959 423 1165 503 superioribus
1192 426 1275 507 locis,
1372 440 1374 444 ·

100 533 187 594 quam
221 533 252 574 se
285 521 337 575 aut
367 515 399 573 in
431 520 528 573 castra
559 529 683 573 suorum
706 517 889 595 reciperent,
922 520 973 574 aut
1003 512 1138 573 nonnulli
1160 514 1275 593 pudore

99 605 194 663 coacti
223 601 340 682 lougius
369 603 574 682 profugerent.
627 600 761 671 Quorum
793 601 927 682 periculo
960 603 1003 662 sic
1036 619 1140 661 omnes
1173 604 1311 682 copiaco

99 699 169 752 sunt
200 691 406 770 perturbatae,
439 697 472 750 ut
503 691 552 749 vix
584 688 724 750 iudicari
740 699 856 773 posset,
888 697 990 751 utrum
1022 689 1162 751 secundis
1189 692 1274 751 mini·

98 782 214 859 misquc
244 778 336 840 rebus
364 777 587 860 insolentiores,
620 796 658 838 an
687 779 812 840 adverso
840 779 983 841 mediocri
1011 796 1082 840 casu
1110 778 1275 840 timidiores

99 875 209 928 esseut.

190 954 239 1016 14.
277 955 486 1035 Compluribus
517 954 623 1016 diebus
652 955 749 1017 isdem
779 958 809 1016 in
840 958 947 1018 castris
977 957 1177 1039 consumptiS,
1207 975 1276 1017 cum

97 1047 222 1126 propius
250 1047 412 1105 accessisse
439 1044 573 1123 legiones
600 1053 631 1106 et
654 1043 759 1105 Gaium
782 1044 965 1106 Trebonium
991 1044 1121 1124 legatum
1152 1062 1276 1124 cognos-

93 1144 177 1213 sent,
201 1134 293 1194 duces
315 1132 538 1194 Bellovacorum
560 1135 648 1194 veriti
671 1133 797 1194 similem
820 1133 1024 1194 obsessionem
1047 1131 1162 1194 Alesiae
1185 1142 1276 1195 noctu

100 1223 255 1283 dimittunt
283 1240 347 1305 eos,
377 1240 452 1301 quos
482 1230 533 1282 aut
561 1228 657 1283 aetate
680 1228 732 1283 aut
753 1221 868 1283 viribus
890 1223 1048 1282 inferiores
1072 1230 1123 1282 aut
1145 1224 1276 1284 inermes

98 1310 262 1390 habebant,
291 1328 409 1389 unaque
441 1309 556 1388 reliqua
585 1310 805 1391 impedimenta.
852 1310 986 1381 Quorum
1014 1309 1222 1388 perturbatum
1246 1319 1311 1372 eta
1380 1360 1388 1370 .

101 1401 259 1461 confusum
287 1399 357 1459 dum
382 1399 530 1479 explicant
553 1417 668 1482 agmen,
691 1392 812 1480 (magna
835 1401 914 1459 enim
938 1397 1096 1459 multitudo
1121 1417 1275 1460 carrorum

101 1491 190 1548 etiam
218 1487 371 1567 expeditos
400 1491 486 1567 sequi
509 1486 607 1549 Gallos
636 1479 815 1570 consuevit)
848 1488 984 1566 oppressi
1011 1486 1079 1548 luce
1107 1490 1207 1568 copias
1230 1506 1276 1548 ar·

100 1585 248 1637 matorum
271 1594 326 1655 pro
350 1578 412 1637 suis
435 1579 589 1637 instruunt
612 1579 731 1656 castris,
754 1594 793 1636 ne
815 1578 900 1655 prius
923 1575 1048 1637 Romani
1075 1578 1216 1655 persequi
1243 1595 1276 1637 se

98 1666 280 1746 inciperent,
309 1683 399 1743 quam
428 1664 546 1745 longius
574 1683 680 1745 agmen
706 1665 988 1745 impedimentorum
1011 1682 1134 1725 suorum
1156 1683 1276 1744 proces·

100 1756 197 1814 sisset.
229 1754 267 1813 st
281 1752 389 1814 Caesar
403 1771 500 1833 neque
519 1756 695 1815 resistentes
713 1754 928 1833 aggrediendos
947 1761 1030 1814 tanto
1049 1753 1131 1814 collis
1150 1771 1276 1815 ascensu
1295 1767 1311 1816 a

99 1840 263 1920 iudicabat,
291 1859 388 1919 neque
412 1861 472 1903 non
496 1860 591 1921 usque
616 1861 651 1903 eo
674 1843 807 1922 legiones
830 1842 1044 1923 admovendas,
1066 1851 1100 1902 ut
1122 1842 1276 1903 discedere

101 1949 138 1989 ex
162 1948 197 1990 eo
220 1928 286 1989 loco
310 1931 374 1989 siue
397 1930 531 2009 periculo
555 1928 673 1991 barbari
696 1930 839 1992 militibus
863 1930 1042 1992 instantibus
1061 1947 1121 1990 non
1144 1939 1277 2010 possent.

100 2017 158 2099 lta,
193 2036 260 2078 cum
290 2017 398 2097 palude
429 2019 570 2098 impedita
601 2037 617 2079 a
650 2021 756 2080 castris
788 2026 885 2080 castra
918 2018 1007 2079 dividi
1040 2018 1167 2101 videret,
1201 2033 1313 2098 quaet

100 2105 278 2167 transeundi
305 2105 464 2167 difficultas
492 2106 675 2168 celeritatem
697 2108 874 2186 insequendi
897 2107 1014 2168 tardare
1040 2114 1155 2189 posset,
1188 2114 1277 2186 atque

102 2194 132 2255 id
156 2197 267 2273 iugum,
293 2195 372 2274 quod
396 2202 479 2256 trans
502 2194 640 2274 paludem
662 2213 756 2275 paene
780 2196 816 2257 ad
839 2196 970 2258 bostium
989 2204 1086 2256 castra
1104 2198 1279 2278 pertineret,

103 2284 247 2344 mediocri
269 2283 342 2343 valle
367 2303 382 2343 a
407 2286 512 2344 castris
536 2300 640 2344 eorum
662 2286 838 2347 intercisum
856 2287 987 2345 animum
1006 2279 1182 2366 adverteret,
1204 2280 1277 2364 pon·

102 2371 183 2432 tibus
212 2371 320 2450 palude
349 2378 498 2433 constrata
530 2371 661 2451 legiones
688 2372 818 2435 traducit
845 2373 1043 2451 celeriterque
1071 2375 1103 2434 in
1131 2391 1278 2434 summam

101 2460 260 2539 planiciem
286 2463 349 2540 iugi
376 2463 525 2544 pervenit,
556 2479 632 2540 quae
661 2461 767 2523 declivi
794 2462 911 2541 fastigio
935 2448 1051 2523 duobus
1075 2461 1278 2522 oblatoribus

102 2547 301 2609 muniebatur.
346 2548 391 2609 lbi
419 2548 585 2628 legionibus
612 2552 768 2611 instructis
796 2550 831 2610 ad
855 2549 994 2612 ultimum
1016 2552 1120 2630 iugum
1141 2552 1312 2630 pervenite

103 2639 256 2716 aciemque
280 2656 316 2698 eo
340 2637 405 2699 loco
430 2640 600 2721 constituit,
622 2638 702 2699 unde
726 2646 875 2700 tormento
897 2641 987 2699 missa
1010 2639 1069 2699 tela
1091 2641 1122 2699 in
1145 2637 1277 2698 bostium
1380 2644 1383 2649 '

102 2743 215 2786 cuneos
239 2728 335 2786 conici
358 2735 490 2805 possent.

196 2810 246 2874 15.
269 2813 393 2874 Barbari
416 2815 520 2875 conlisi
543 2814 601 2875 loci
624 2823 730 2877 nutura
754 2834 823 2877 cum
846 2816 987 2877 dimicare
1010 2834 1070 2876 non
1093 2821 1277 2896 recusarent,

104 2904 129 2961 si
149 2902 226 2962 forte
241 2901 366 2962 Romani
385 2901 486 2962 subire
511 2902 615 2964 collem
639 2912 829 2987 conarentur,
851 2904 992 2984 paulatim
1015 2905 1114 2983 copias
1138 2901 1277 2964 distribu·
1376 2919 1380 2926 ’

101 3000 147 3050 tas
172 2990 321 3051 dimittere
345 3008 405 3050 uon
427 2998 560 3072 possent,
582 3009 620 3052 ue
644 2992 771 3072 dispersi
794 2991 1052 3072 perturbarentur,
1074 2995 1106 3052 in
1129 2994 1192 3053 acie
1210 3009 1276 3072 per·

100 3086 285 3139 manserunt.
331 3078 467 3149 Quorum
496 3081 659 3158 pertinacia
689 3084 806 3161 cognita
835 3081 942 3143 Caesar
971 3083 1074 3161 viginti
1102 3079 1311 3143 cohortibus2

101 3284 226 3339 subsidio
250 3287 321 3354 esse)
349 3284 513 3354 aufgestellt
540 3304 575 3339 zu
602 3285 663 3341 sein
717 3304 784 3342 man
811 3304 841 3342 so
869 3287 944 3341 boch
971 3286 1026 3340 den
1052 3287 1146 3358 Hdgel
1176 3285 1277 3343 binam

101 3356 233 3427 pilegten.
254 3385 288 3396 -
307 3355 448 3426 pudore:
467 3373 518 3410 vor
531 3355 663 3411 denlhri-
717 3357 827 3427 steigen
844 3359 959 3412 museto.
978 3387 1012 3397 -
1031 3374 1140 3426 noque
1158 3375 1224 3414 non
1242 3383 1276 3405 ==

102 3444 166 3497 gen,
181 3427 267 3481 deren
279 3426 427 3481 Vorwrtrie
441 3426 481 3481 sie
495 3427 661 3482 tiirohteten.
716 3428 784 3484 aber
802 3429 886 3496 anob3
906 3427 979 3498 sig?
998 3459 1032 3468 —
1051 3427 1223 3484 militibus
1242 3456 1276 3476 ==

102 3529 136 3538 -
151 3505 175 3552 4.
192 3498 352 3553 secundis
370 3497 591 3566 minimisque
609 3516 661 3554 re·
715 3499 857 3555 Romanis.
872 3529 906 3538 -
922 3499 1132 3568 4.pontibus:
1147 3499 1201 3554 mit
1213 3501 1277 3556 Bul·

100 3570 175 3623 bus:
186 3568 232 3623 die
239 3569 376 3624 secundae
383 3567 571 3650 minimaeque
579 3571 661 3639 (genn
714 3571 771 3625 ken
785 3571 843 3625 und
852 3570 960 3626 Bohlen
973 3571 1090 3625 wurden
1104 3570 1150 3625 die
1160 3569 1277 3650 Sumple
1362 3573 1365 3579 ’

101 3639 327 3708 unbedeutende)
350 3646 402 3694 res¹
418 3639 481 3694 sind
508 3638 554 3693 (he
579 3656 602 3694 c.
628 3645 660 3694 12
715 3640 878 3697 uberdeokt.
901 3672 935 3682 -
959 3641 1090 3696 declivi
1117 3640 1276 3710 fastigio:

103 3711 273 3765 erwithnten.
716 3713 823 3782 „durch
846 3713 932 3768 'einen
960 3711 1061 3768 steilen
1088 3711 1213 3766 Abfnll“.
1242 3741 1277 3750 -

138 3779 204 3850 Cap.
239 3786 280 3834 14.
329 3786 353 3834 1.
385 3780 503 3836 Gaium
536 3781 661 3836 Trebo·
716 3788 741 3838 b.
766 3784 807 3838 ad
829 3784 988 3839 ultimum
1010 3783 1138 3853 iugum:
1163 3797 1200 3835 an
1223 3780 1278 3836 den

100 3851 207 3908 nium:
230 3870 250 3904 s.
270 3868 292 3906 c.
314 3858 356 3906 11.
375 3883 409 3892 -
434 3850 581 3906 similem
605 3853 661 3907 ob·
715 3859 874 3912 tussersten
895 3854 990 3910 Punlrt
1013 3855 1062 3910 des
1084 3849 1276 3920 Bergntckens

101 3922 287 3979 sessionem
310 3922 462 3978 Alesios:
487 3941 507 3979 s.
527 3922 596 3977 fiber
614 3921 660 3979 die
715 3928 835 3994 (summa
852 3925 1006 3996 planicies).

101 3993 191 4048 Socho
216 3998 240 4060 t,
265 3999 298 4048 69
317 4011 377 4063 sqq.
414 3993 467 4047 Die
494 3993 584 4048 Kurra
611 3993 660 4049 des
751 3996 818 4067 Cap.
844 4002 885 4051 15.
920 4001 943 4049 1.
972 3993 1108 4051 collem:
1135 3991 1186 4048 auf
1210 3993 1277 4048 wel-

100 4063 262 4119 Ausdruclxs
280 4064 319 4119 ist
335 4083 370 4118 zu
386 4063 533 4120 beachten.
556 4064 620 4134 Vgl.
636 4072 660 4133 6,
715 4069 797 4122 chem
806 4066 851 4121 die
863 4065 970 4121 Gullier
978 4066 1034 4119 den
1042 4065 1164 4118 Rdmern
1173 4080 1277 4134 gegen-

102 4141 145 4190 22.
170 4166 203 4176 -
227 4141 252 4190 2.
281 4135 437 4206 oppressi
464 4134 553 4190 luce:
580 4136 662 4189 iiber·
717 4135 1149 4206 theresindem-paulatim
1163 4151 1277 4189 -non

101 4207 197 4260 roschi
229 4222 295 4261 vom
328 4206 414 4276 Tage.
442 4235 476 4245 -
509 4211 535 4260 3.
562 4207 662 4260 tanto
688 4270 689 4274 .
715 4210 856 4278 possent
882 4206 978 4262 bilden
996 4207 1051 4261 den
1070 4207 1225 4275 Gegeusatn
1243 4224 1278 4259 zu

67 4320 77 4325 -
102 4277 204 4332 collis
233 4293 375 4332 ascensu
402 4275 465 4331 sind
489 4276 584 4331 Ablut.
611 4276 661 4332 cles
716 4279 770 4333 deu
795 4278 913 4334 Worten
940 4295 1001 4333 eum
1028 4308 1061 4318 -
1087 4294 1143 4332 non
1167 4293 1277 4332 recusu-

102 4348 240 4402 Grundes:
268 4348 306 4402 da
327 4348 378 4403 das
399 4346 603 4418 Hinnnsteigen
625 4363 662 4404 an
715 4352 789 4416 rent3
810 4347 950 4419 paulatim
967 4349 1044 4404 verb.
1059 4348 1112 4403 mit
1125 4347 1276 4405 dimittere.

101 4420 156 4474 den
174 4418 267 4488 Hdgel
286 4435 317 4474 so
341 4434 418 4489 gross
436 4433 507 4486 wer,
531 4418 557 4472 d.
577 4417 605 4471 h.
625 4418 662 4474 da
715 4451 751 4463 -
769 4419 975 4476 distributas
991 4445 1025 4466 =
1039 4420 1156 4476 divisam
1174 4419 1204 4473 in
1220 4419 1277 4474 ein-

1010 4509 1063 4563 18*
