2804 4778
165 233 231 298 180
401 271 403 277 ·
567 229 616 284 DE
636 228 754 285 BELLO
773 228 932 285 Gannico

130 410 146 460 5
166 401 251 462 aliter
274 402 299 459 si
322 400 422 479 leniat,
445 397 534 458 uliam
561 400 640 458 inter
664 414 734 457 suos
761 396 849 457 babet
872 398 1086 458 auctoritatem.
1129 394 1209 457 llaec
1234 398 1342 460 eadem

164 491 240 550 ratio
255 497 300 549 est
321 490 352 547 in
372 505 486 548 summa
504 488 597 547 totius
615 485 741 566 Gelliac3
764 503 890 564 namque
911 503 1014 546 omnes
1033 487 1165 546 civitates
1186 487 1217 546 in
1236 495 1344 564 partes

165 578 273 638 divisae
297 584 368 637 sunt
390 575 471 636 duas.

254 663 303 726 12.
331 664 405 725 Cum
428 663 588 725 Caesario
612 662 733 725 Galliam
755 665 848 744 venit,
876 663 997 724 alterius
1023 663 1159 724 factionis
1182 665 1342 743 principes

129 763 249 816 zerant
278 754 385 834 Aedui,
418 752 539 813 alterius
568 751 706 831 Sequani.
756 751 795 812 Hi
821 771 890 813 cum
921 770 976 830 per
1004 770 1036 812 se
1065 753 1163 811 minus
1196 751 1342 833 valerent,

165 844 244 922 quod
268 860 383 904 summa
405 843 565 901 auctoritas
589 843 752 919 antiquitus
772 848 835 901 erat
852 843 884 901 in
902 840 1012 901 Aeduis
1031 857 1213 919 magnaeque
1232 858 1342 902 eorum

164 939 249 992 erant
274 929 941 1010 1111111111,611111111111111111111111
969 928 1025 989 sibi
1052 929 1248 989 adiunxerant
1272 948 1339 991 eos-

129 1035 145 1083 3
164 1040 222 1100 que
242 1021 278 1081 ad
297 1038 328 1080 se
348 1021 461 1096 magnis
480 1020 603 1079 iacturis
621 1017 941 1097 pollicitationibusque
964 1017 1172 1097 perduxerant.
1210 1016 1342 1079 Proeliis

163 1127 235 1170 sero
265 1107 467 1187 compluribus
495 1107 580 1167 iactis
609 1106 747 1168 secundis
775 1114 863 1184 atque
891 1109 972 1167 omni
994 1105 1146 1166 nobilitate
1165 1105 1341 1168 Aeduorum

128 1198 322 1259 tinteriecta
345 1205 460 1257 tantum
482 1198 614 1275 potentia
637 1200 871 1276 interemerant,
894 1204 928 1256 ut
949 1212 1085 1274 magnam
1107 1203 1223 1273 partem
1247 1195 1340 1256 clien-

165 1288 241 1347 tium
260 1285 296 1345 ab
310 1284 420 1345 Aeduis
439 1284 474 1344 ad
494 1303 525 1344 se
545 1284 737 1345 traducerent
759 1284 937 1362 obsidesque
956 1283 992 1344 ab
1011 1285 1047 1343 iis
1070 1285 1239 1362 principum
1262 1284 1342 1346 filios

167 1377 336 1453 acciperent
356 1382 386 1435 et
403 1372 521 1452 publice
541 1375 641 1433 iurare
660 1380 811 1453 cogerent,
831 1373 903 1433 nihil
922 1391 954 1433 sc
974 1379 1077 1433 contra
1096 1370 1249 1450 Sequanos
1270 1392 1340 1433 con-

167 1463 226 1524 silii
248 1465 375 1523 inituros
395 1470 425 1522 et
442 1470 558 1541 partem
580 1462 698 1522 finitimi
717 1465 780 1540 agri
796 1480 852 1541 per
872 1463 932 1522 viru
955 1469 1128 1541 occupatam
1150 1461 1344 1540 possiderent

131 1565 147 1615 5
165 1551 334 1630 Galliaeque
357 1553 449 1613 totius
472 1552 672 1630 principatum
693 1549 869 1611 obtinerent.
907 1549 971 1621 Qua
994 1551 1171 1610 necessitate
1192 1549 1343 1611 adductus

166 1640 327 1703 Divitiacus
354 1638 454 1700 auxilii
481 1639 602 1718 petendi
630 1657 718 1700 causa
741 1639 865 1700 Romam
888 1639 924 1699 ad
947 1646 1083 1699 senatum
1110 1638 1265 1717 proiectus
1283 1640 1340 1699 im-

131 1730 298 1809 epersecta
322 1747 354 1789 re
377 1728 516 1789 redierat.
561 1727 696 1789 Adventu
720 1727 854 1789 Caesaris
876 1728 952 1788 iacta
975 1728 1205 1788 commutatione
1226 1745 1343 1809 rerum,

165 1816 318 1878 obsidibus
340 1817 450 1878 Aeduis
472 1816 610 1895 redditio,
637 1815 789 1877 veteribus
817 1816 962 1877 clientelis
988 1817 1148 1896 restitutiS,
1175 1817 1261 1876 novis
1284 1835 1341 1895 per

166 1906 320 1968 Gaesarem
344 1907 534 1986 comparatis,
561 1905 640 1983 quod
664 1905 709 1986 hi,
737 1907 842 1983 quise
866 1904 903 1965 ad
926 1923 1030 1965 eorum
1051 1905 1212 1965 amicitiam
1234 1922 1340 1984 aggre-

165 2004 313 2076 gaverant,
336 1994 457 2055 meliore
477 1993 645 2055 conditione
665 2002 753 2073 atque
773 1996 912 2073 aequiore
931 1995 1106 2072 imperiose
1125 1994 1170 2053 nti
1190 1992 1342 2074 videbant,

167 2084 289 2162 reliquis
308 2083 398 2144 rebus
418 2102 521 2144 eornm
545 2085 639 2161 gratia
661 2084 863 2162 dignitateque
887 2082 1061 2160 amplificata
1080 2081 1210 2160 Sequani
1227 2084 1341 2162 princi·

130 2188 145 2237 t
165 2181 267 2251 patum
292 2172 473 2233 dimiserant.
509 2170 543 2231 ln
567 2190 672 2233 eorum
689 2172 788 2233 locum
807 2170 892 2232 Remi
916 2179 1135 2231 successerant:
1159 2187 1234 2248 quos
1258 2171 1341 2249 quod

165 2261 329 2340 adaequare
353 2259 429 2339 apud
454 2259 609 2320 Caesarem
633 2263 726 2339 gratia
748 2260 987 2340 intellegebatur,
1011 2261 1047 2340 ii,
1070 2261 1122 2338 qui
1143 2267 1267 2338 propter
1290 2278 1340 2320 ve-

167 2357 246 2409 teres
264 2351 433 2408 inimicitias
452 2348 534 2409 nnllo
553 2349 640 2409 modo
656 2368 724 2410 cum
737 2349 848 2410 Aeduis
867 2349 1007 2426 coniungi
1024 2354 1171 2427 poterent,
1190 2365 1223 2407 se
1237 2347 1343 2409 Remis

130 2453 146 2502 8
165 2438 197 2496 in
221 2437 386 2498 clientelam
409 2436 552 2498 dicabant.
594 2437 656 2497 Hos
678 2438 721 2499 illi
745 2438 900 2518 diligenter
923 2436 1096 2505 tuebantur:
1118 2438 1159 2496 ita
1181 2444 1211 2496 et
1233 2454 1341 2496 novam

164 2625 226 2696 poli
244 2627 301 2698 vgl.
322 2644 344 2682 c.
365 2632 380 2681 8
400 2644 435 2680 zu
452 2642 591 2694 neque-
606 2625 675 2695 pati.
690 2655 724 2667 -
779 2633 809 2695 t,
830 2632 844 2680 1
863 2626 893 2680 in
912 2641 975 2680 eom
993 2643 1022 2681 se
1041 2623 1272 2681 consuetudinem
1292 2625 1343 2680 ed·

165 2698 272 2753 aliter
291 2698 319 2752 si
337 2696 461 2753 iaciat:
480 2697 519 2750 im
538 2698 725 2767 entgegenge-
779 2698 925 2765 duxerunt,
935 2697 1188 2751 uls-lavarentur.
1200 2702 1344 2765 -4.per

165 2770 272 2823 seizien
289 2768 382 2836 Folle3
401 2786 507 2824 warum
526 2769 575 2822 der
590 2767 725 2838 Conjunc·
762 2768 857 2823 sim:
878 2786 898 2824 s.
915 2776 939 2834 1,
952 2774 996 2836 42,
1013 2774 1030 2822 4
1049 2784 1084 2821 nu
1100 2783 1151 2837 per
1168 2765 1294 2821 insidiae.
1305 2796 1342 2808 -

163 2839 206 2893 tir
233 2839 338 2894 iaciat?
365 2871 400 2881 -
428 2844 452 2896 ὅ.
477 2839 574 2894 Haec
599 2840 725 2894 ecdem
779 2845 804 2894 5.
828 2838 1035 2895 Diviciacus:
1064 2857 1085 2894 1.
1106 2844 1133 2904 1,
1157 2843 1190 2891 31
1216 2837 1252 2891 ob
1276 2854 1342 2893 eam

164 2910 266 2966 ratio:
282 2910 725 2980 nurUeberseizungronendem
778 2927 838 2966 rem
862 2927 892 2965 se
914 2913 967 2965 etc.
992 2939 1025 2950 -
1049 2907 1176 2962 auxilii
1197 2909 1341 2978 petendi

165 3000 186 3039 1.
210 2986 240 3049 5,
258 2988 293 3036 40
316 3001 351 3036 zu
373 2983 426 3037 hoc
448 2982 536 3047 idem;
564 2981 594 3035 in
616 2997 725 3035 summo
779 2997 892 3036 cause:
908 2982 953 3036 ein
966 2979 1254 3036 kiirnererAusdruck
1267 2979 1341 3034 bier-

163 3052 264 3108 heissi:
282 3052 322 3106 im
337 3053 462 3118 (isannem
476 3053 534 3106 und
548 3051 597 3106 der
611 3051 724 3107 (ienitiv
778 3051 823 3106 fiir
836 3053 912 3107 steht
921 3070 944 3108 e.
954 3057 979 3107 6.
990 3081 1024 3092 —
1034 3051 1252 3120 imperfectam
1267 3051 1343 3105 ohne

164 3123 251 3178 totius
270 3122 379 3178 Galliae
396 3123 434 3176 ist
451 3140 507 3177 von
527 3122 600 3176 ratio
619 3124 724 3177 111111-
778 3123 842 3178 dese
860 3123 905 3177 die
925 3123 1013 3178 Ssche
1032 3122 1089 3192 (die
1107 3121 1342 3191 Unterstiitnung)

164 3194 279 3262 heingig.
293 3224 327 3234 -
341 3194 439 3247 duas:
458 3209 564 3247 worum
580 3210 631 3249 sns
644 3193 723 3248 Eudo
777 3213 840 3249 zum
857 3194 1009 3248 Abschlnss
1032 3193 1200 3264 gelrommen
1217 3209 1285 3248 wer.
1305 3221 1340 3235 -

165 3263 297 3334 gestelli?
778 3271 802 3320 6.
817 3264 911 3319 iacta
929 3263 1200 3320 commutatione
1214 3279 1341 3319 rerum:

202 3333 268 3403 Gap.
289 3339 374 3388 121.
395 3333 473 3387 Cum
491 3364 525 3375 —
544 3334 723 3390 remittens
778 3335 823 3390 ein
850 3336 1038 3406 Umsehwung
1068 3335 1118 3389 der
1144 3333 1340 3389 Verhiltnisse

165 3404 256 3460 dieser
280 3404 366 3458 stelle
394 3403 464 3458 wird
491 3405 535 3459 die
558 3406 725 3476 Bedeuiung
777 3409 836 3462 troi
853 3407 912 3472 ein;
931 3424 961 3462 so
975 3407 1001 3462 d.
1016 3408 1044 3462 h.
1063 3405 1151 3461 durch
1163 3404 1341 3475 Houpts'tino

164 3493 220 3530 ron
238 3492 301 3531 cum
316 3500 350 3520 =
365 3491 397 3529 eo
416 3476 549 3545 tempore,
570 3494 626 3547 quo
644 3479 724 3548 pecht
776 3478 836 3532 iibs.
852 3478 924 3533 euch
938 3478 984 3533 die
997 3477 1147 3549 folgenden
1156 3475 1220 3531 Abl.
1231 3476 1291 3531 obs.
1305 3505 1340 3517 -

165 3546 338 3611 emichtlich3
358 3546 439 3601 echte
453 3548 505 3602 oui
516 3548 561 3603 die
576 3549 722 3604 Construc-
776 3549 925 3618 reliquis
946 3550 1046 3604 rebus
1068 3547 1179 3602 istAbl.
1198 3546 1339 3616 instrum,

163 3618 224 3673 tion
249 3618 297 3672 des
315 3618 426 3672 Wortes
448 3619 479 3673 in
501 3619 608 3676 diesem
631 3619 723 3677 Sinne.
778 3621 845 3691 sig:
864 3620 953 3675 durch
971 3620 1027 3675 alle
1041 3619 1146 3673 andern
1159 3617 1338 3687 11111111.

164 3689 392 3744 -1111101111
411 3691 499 3760 vergi,
514 3691 567 3747 mii
580 3691 653 3758 dem,
667 3707 724 3746 was
776 3691 857 3746 kurn:
877 3693 950 3747 euch
967 3692 1051 3746 sensi.
1066 3719 1100 3730 -
1119 3688 1341 3744 dimiserenba

163 3760 225 3816 hier
238 3777 294 3816 von
308 3759 401 3814 diesen
414 3761 545 3817 Perteiun
567 3780 602 3818 en
616 3763 725 3817 erziihll
777 3763 835 3817 und
861 3780 890 3817 1ο
918 3764 1017 3817 hatten
1044 3760 1231 3830 ausgegeben,
1259 3759 1286 3814 d.
1309 3760 1340 3814 h.

163 3832 242 3899 wird,
257 3832 308 3887 das
317 3832 347 3886 in
363 3839 386 3901 1,
396 3838 429 3887 ³1
444 3834 532 3888 totius
547 3781 656 3889 galnae
671 3836 723 3888 etc.
777 3834 877 3888 helien
890 3833 1028 3903 suigeben
1042 3837 1154 3887 missen
1169 3832 1279 3900 (wegen
1290 3830 1341 3885 der

164 3933 198 3944 -
227 3910 251 3960 2.
276 3903 521 3959 adiunxerant:
546 3923 567 3959 s.
590 3910 720 3972 5,2o,1
776 3904 1005 3974 Unmtigiichkeii
1022 3903 1082 3957 ihre
1097 3901 1228 3972 Stellung
1243 3920 1278 3957 zu
1290 3902 1341 3957 be-

163 3993 198 4028 11
216 3974 364 4030 adiunctis.
388 4006 422 4015 -
445 3975 604 4031 iacturis:
628 3975 722 4045 Opfer,
776 3976 920 4044 heupten).
944 4003 978 4014 -
1003 3981 1027 4030 7.
1051 3990 1135 4043 quos
1158 3974 1248 4042 quod
1271 3975 1340 4028 ete:

164 4045 256 4101 Ueber
273 4047 319 4102 die
338 4045 427 4102 Soche
444 4047 531 4116 rergl.
551 4052 723 4114 1311144.
778 4044 1342 4116 quosisiSubjecissecus.;suadaeqnsre

164 4146 198 4157 —
222 4124 247 4172 3.
270 4119 416 4174 tentum:
443 4117 595 4187 cigentlieh
623 4116 668 4172 ein
693 4134 723 4172 so
777 4117 816 4172 ist
833 4118 883 4173 das
899 4116 1120 4187 ObjectAeduos
1138 4133 1174 4169 zu
1192 4121 1341 4186 erginzem

164 4205 274 4257 grossas
292 4188 394 4258 Stielm
421 4189 508 4258 vergi.
535 4196 563 4258 1,
581 4195 629 4257 40,
649 4194 665 4243 5
689 4206 724 4243 zu
777 4189 834 4242 und
853 4189 902 4243 dos
921 4187 1135 4258 unpersitnliehe
1155 4186 1342 4255 intellegeba-

110 4267 112 4272 '
164 4258 327 4326 oliqnid-
347 4261 620 4329 antecesserant,
638 4262 723 4315 11-
777 4257 1342 4327 turlesstsichnaohqesnuvide-

164 4329 403 4384 traducerent:
439 4330 563 4399 Beispiel
598 4331 643 4385 fiir
678 4330 724 4386 die
777 4332 874 4385 rentur
887 4327 1341 4386 oberastun-inimicitiam

63 4436 68 4445 ·
165 4397 278 4456 Censeo.
296 4401 384 4470 temp.
403 4401 433 4456 in
450 4401 644 4470 Folgesittzem
664 4402 723 4472 vgl.
777 4401 885 4469 merke,
919 4402 983 4457 dass
1015 4418 1070 4457 von
1101 4399 1207 4456 diesem
1238 4400 1343 4456 worta
