2804 4778
464 238 531 291 niu.
551 238 583 291 V.
613 237 690 292 CAP.
710 242 824 292 ee-er.
903 233 905 238 “
1166 237 1227 299 147

148 400 199 462 27.
223 403 349 462 Mittitur
373 402 408 461 ad
433 421 484 462 eos
508 403 695 480 collpquendi
718 421 806 463 eausa
830 402 919 462 Gaius
943 403 1114 481 Arpineius,
1138 421 1230 480 eques

57 491 218 570 Romanus,
242 491 393 550 familiaris
417 490 520 560 Quinti
542 491 665 570 Titurii,
695 502 724 550 et
748 491 877 561 Quintus
905 490 1008 551 lunius
1032 509 1067 550 ex
1091 491 1230 570 Hispania

59 579 188 658 quidam,
212 581 263 656 qui
286 582 344 638 iam
363 588 430 638 ante
454 581 546 638 missu
567 577 700 638 Caesaris
724 579 760 638 ad
779 578 979 656 Ambiorigem
997 582 1141 639 ventitare
1162 597 1229 639 oon-

60 676 174 745 suerat3
198 667 276 744 apud
295 685 370 745 quos
388 666 540 726 Ambiorix
560 667 595 726 ad
618 667 698 727 hunc
717 667 837 727 modum
856 666 973 727 locutus
993 676 1052 727 ast:
1086 666 1158 727 Sese
1176 686 1230 745 pro
1250 678 1265 724 2

60 756 194 816 Caesaris
217 758 248 813 in
276 773 308 814 se
332 754 485 814 beneficiis
507 755 669 833 plurimum
697 758 725 814 ei
748 757 884 815 coribteri
913 754 1035 834 debere,
1064 755 1142 833 quod
1167 759 1231 815 eins

60 862 150 922 opera
175 844 321 921 stipendio
345 843 487 902 liberatus
511 853 599 924 esset,
623 842 702 921 quod
721 844 890 922 Aduatucis,
914 844 1048 902 linitimis
1066 846 1137 922 suis,
1160 862 1230 921 pen-

60 933 130 992 dere
157 940 345 1010 consuesset,
374 931 512 1010 quodque
541 934 568 990 ei
592 941 621 990 et
649 932 727 991 tilius
756 935 786 991 e't
809 933 908 990 fratris
936 930 1014 991 tilius
1043 931 1078 989 ab
1107 929 1231 990 Caesare

61 1021 179 1079 remissi
203 1029 315 1098 essent,
339 1038 413 1096 quos
437 1019 582 1079 Aduatuci
605 1018 742 1079 obsidum
765 1037 890 1079 numero
914 1022 1021 1078 missos
1044 1019 1121 1097 apud
1146 1037 1176 1079 se
1200 1022 1231 1079 in

62 1111 204 1167 servitute
229 1116 258 1167 et
282 1109 394 1166 eatenis
422 1110 602 1186 tenuissent3
630 1126 727 1185 neque
749 1107 794 1186 id,
822 1107 900 1184 quod
927 1108 1032 1167 lecerit
1055 1107 1092 1166 de
1120 1117 1265 1186 oppug-3

60 1198 179 1256 natione
198 1205 372 1268 castrorum,
397 1204 447 1255 aut
469 1196 579 1255 iudicio
598 1205 649 1255 aut
670 1195 818 1255 voluntate
839 1213 891 1254 sua
915 1197 1031 1273 lenisse,
1055 1195 1107 1254 sed
1127 1204 1231 1255 eoaotu

61 1286 196 1363 eivitatiS,
221 1302 332 1360 suaque
352 1302 418 1343 esse
442 1284 588 1343 eiusmodi
610 1286 742 1363 imperia,
764 1292 797 1343 ut
820 1301 879 1342 non
899 1287 997 1343 minus
1014 1283 1139 1343 haberet
1158 1286 1231 1343 iuris

37 1376 91 1455 ¹in
116 1391 147 1431 se
171 1371 343 1451 multitudo,
367 1390 455 1448 quam
478 1374 542 1450 ipse
570 1374 600 1431 in
623 1371 851 1431 multitudinem.
891 1370 1013 1431 ‘Civitati
1043 1388 1132 1450 porro
1156 1372 1231 1430 bane
1251 1382 1267 1427 4

60 1462 152 1520 luisse
171 1459 240 1518 belli
264 1477 391 1539 oausam,
411 1461 489 1537 qnod
513 1462 685 1538 repentinae
705 1458 856 1519 Gallorum
875 1462 1071 1519 coniurationi
1090 1462 1232 1519 resistere

64 1567 123 1607 non
146 1550 285 1625 potuerit.
331 1547 364 1606 ld
388 1566 419 1607 se
444 1548 527 1607 lauile
552 1567 588 1607 ex
611 1547 775 1608 humilitate
800 1566 852 1608 sua
878 1547 1004 1627 probare
1027 1566 1127 1628 posse,
1153 1547 1230 1625 qnod

64 1655 122 1695 non
147 1635 219 1694 adeo
243 1638 282 1695 sit
305 1638 460 1714 imperitus
485 1654 599 1715 rerum,
627 1645 661 1696 ut
684 1639 746 1696 suis
775 1639 867 1714 copiis
895 1636 1038 1715 populum
1066 1635 1232 1696 Romanum

65 1727 201 1802 superari
233 1742 321 1801 posse
358 1724 494 1785 oontidat.
541 1724 598 1784 Sed
632 1742 698 1783 esse
733 1724 841 1784 Calliae
861 1717 1029 1784 ‘commune
1063 1723 1266 1784 eonsiliumzt

64 1811 203 1873 omnibus
225 1811 358 1871 hibernis
382 1811 514 1871 Caesaris
539 1813 743 1891 oppugnandis
765 1812 844 1872 hunc
869 1830 935 1871 esse
954 1812 1066 1871 dictum
1084 1811 1171 1888 diem,
1195 1830 1232 1870 ne

99 2052 166 2120 Cup.
190 2057 233 2105 27.
264 2058 288 2105 1.
312 2051 476 2104 Mittitur:
505 2052 622 2105 beeehte
652 2051 749 2104 ·nooh
763 2050 888 2104 mehrere
903 2049 1055 2103 darbieten.
1079 2049 1230 2104 Dieseum·

62 2123 202 2176 Numerus
226 2122 283 2174 und
308 2121 437 2190 Stellung
459 2138 515 2174 von
537 2121 623 2175 mitti·
677 2119 1072 2189 schreibendeWendungist
1085 2120 1160 2173 wohl
1173 2121 1234 2174 hier

63 2207 117 2248 tur.
137 2224 172 2233 —
192 2192 340 2256 Quintus
359 2191 481 2244 Junius
508 2208 546 2244 ex
565 2193 622 2245 Hi·
676 2191 843 2260 gebraucht‚
863 2209 910 2243 um
924 2191 1003 2244 nieht
1017 2191 1062 2244 die
1077 2191 1174 2257 Suebo,
1188 2191 1233 2245 die

65 2263 198 2331 spania:
223 2262 342 2314 benebte
360 2261 405 2314 die
423 2262 621 2316 unmittelbare
676 2263 876 2331 Bestrirmung,
900 2262 1037 2330 gerudezu
1059 2280 1092 2315 nu
1115 2279 1234 2327 neuneu,
1313 2272 1319 2278 ’

63 2332 247 2400 Verbindung
279 2331 328 2384 der
355 2331 533 2400 Prtiposition
565 2334 622 2386 und
677 2351 724 2386 um
739 2331 784 2385 die
793 2332 944 2401 Hundlung
958 2335 1037 2385 mehr
1052 2333 1233 2400 anzudeuten,

63 2403 111 2455 des
130 2401 221 2455 Subst.
240 2401 294 2455 mit
319 2402 410 2455 einem
429 2404 510 2459 Nom.
529 2421 621 2473 propr.
677 2404 719 2456 als
742 2404 845 2471 gerade
868 2405 968 2458 herous
986 2421 1020 2456 ιιι
1039 2419 1132 2472 sagen.
1169 2403 1233 2472 Vgl.

63 2472 116 2526 Die
135 2471 284 2541 Adjeetivu
302 2472 364 2525 sind
382 2473 412 2526 in
430 2474 533 2528 diesem
544 2476 622 2529 Folle
677 2491 699 2527 o.
719 2480 753 2527 41
777 2473 885 2528 addunt
907 2474 942 2527 de
961 2473 1058 2528 Sabini
1082 2475 1179 2528 morte.
1201 2505 1233 2514 —-

63 2543 277 2611 gewbhnlioher.
297 2573 333 2582 —
355 2544 472 2597 missu:
492 2547 622 2606 vundan
676 2546 768 2600 Ueber
794 2545 833 2598 de
859 2545 936 2598 siehe
962 2551 1084 2611 1‚14‚6
1111 2563 1145 2597 zu
1170 2545 1234 2597 dem

62 2613 361 2667 Verbalsubstantiven
381 2614 430 2668 der
443 2621 469 2667 4.
483 2615 559 2670 Deel.
575 2617 626 2671 auf
676 2617 767 2670 Wort.
781 2646 815 2654 -
830 2631 971 2682 suaque:
989 2614 1164 2668 Verhdltniss
1178 2615 1234 2667 die-

65 2702 97 2736 ns
111 2685 149 2737 ist
162 2702 214 2736 nur
227 2684 277 2736 der
291 2684 352 2737 eine
368 2683 467 2751 Casus,
486 2686 535 2739 der
549 2687 622 2754 Abl,
677 2702 719 2739 ses
739 2686 834 2740 Satzes
857 2704 891 2738 ιιι
914 2686 969 2738 den
986 2684 1235 2753 vorhergehenden

63 2754 272 2808 unbesohrbnkt
300 2773 334 2807 zu
361 2756 551 2824 gebrauchen,
577 2757 622 2810 die
676 2757 811 2810 Worten?
838 2785 873 2794 —
905 2755 1063 2823 imperia:
1101 2755 1177 2808 siehe
1210 2762 1234 2822 1,

63 2825 182 2893 librigen
206 2825 290 2878 Casus
312 2824 444 2878 kommen
466 2826 545 2879 nieht
567 2827 623 2880 alle
677 2832 723 2892 31,
754 2833 785 2879 13
818 2845 853 2878 zu
884 2825 948 2878 dem
972 2826 1061 2880 Wort.
1094 2824 1233 2892 (Hoheits-

63 2895 121 2948 und
144 2913 195 2948 nur·
219 2895 265 2948 bei
288 2895 468 2948 bestimmten
491 2896 624 2950 Wdrtern
677 2897 756 2949 recht
773 2898 791 2962 l.
806 2927 839 2934 -
858 2913 924 2950 non
942 2896 1052 2948 minus
1071 2927 1104 2936 —
1124 2913 1234 2964 quam:

63 2982 122 3020 vor.
139 2995 172 3010 -
191 2965 379 3018 ventitare:
398 2965 504 3019 welche
518 2966 623 3020 Bedeu-
678 2967 754 3021 siehe
779 2973 803 3033 1,
822 2972 899 3031 30,2
928 2984 962 3018 ιιι
988 2966 1137 3020 denselben
1155 2967 1235 3019 Wor-

63 3044 171 3103 tungen
193 3034 623 3103 habendieFrequentntivais.
678 3039 734 3090 ten.
759 3067 792 3074 -
818 3043 843 3089 4.
868 3035 1016 3090 Civitati
1038 3053 1153 3106 porro:
1180 3054 1235 3091 wa.-

64 3113 91 3172 3,
119 3111 152 3159 12
179 3122 213 3158 zu
240 3105 449 3160 afflictarentur.
474 3136 507 3147 —
535 3107 625 3176 opud
677 3125 740 3159 rum
776 3107 894 3176 beginnt
926 3107 1034 3161 civitati
1065 3108 1120 3161 den
1153 3108 1235 3161 Satn?

64 3192 147 3245 quos
175 3205 210 3214 -
238 3176 376 3229 loeutus
401 3179 465 3231 est:
494 3178 623 3246 apud=
678 3193 761 3245 porro
801 3177 831 3230 in
872 3177 920 3231 der
960 3177 1145 3246 Reihenfolge
1185 3178 1235 3232 ist:

64 3263 171 3312 eoram,
194 3263 256 3300 xvor.
286 3277 319 3286 -
348 3252 371 3299 2.
402 3246 474 3301 eius
506 3264 623 3316 opero:
678 3247 789 3314 weiter,
814 3247 1023 3301 hinwiederum.
1042 3279 1076 3289 —
1095 3249 1236 3302 humili·

66 3318 146 3371 ztihle
166 3334 251 3385 opera
275 3335 310 3369 zu
328 3317 382 3370 den
400 3317 430 3370 in
448 3325 474 3384 3,
493 3324 509 3371 2
528 3320 624 3388 uufge·
678 3319 764 3371 tate:
784 3318 898 3386 gotinge
912 3317 1013 3373 Macht.
1029 3349 1063 3358 -
1076 3320 1235 3388 probare:

64 3388 176 3441 nithlten
190 3386 329 3442 Wdrtern.
350 3418 382 3426 -
403 3389 561 3457 quodque
580 3391 623 3443 ei:
680 3406 699 3442 s.
722 3396 745 3456 1,
764 3394 789 3454 3,
809 3395 825 3442 6
848 3407 882 3441 zu
906 3389 931 3441 d.
951 3389 1042 3444 Wort.
1063 3420 1095 3428 —
1113 3406 1235 3444 rerum:

65 3458 105 3524 ei,
128 3457 217 3512 wofiir
235 3475 301 3511 man
325 3457 379 3511 sibi
398 3461 558 3526 eruentem,
582 3477 624 3513 er·
678 3459 755 3527 Lage
780 3459 829 3512 der
853 3458 957 3527 Dioge,
982 3458 1181 3514 Verh'dltnisse.
1202 3491 1236 3500 -

63 3528 143 3582 klttre
168 3528 240 3581 noch
263 3544 327 3582 cum
349 3528 384 3582 iis
406 3528 436 3581 in
456 3536 479 3595 1,
499 3534 523 3596 5,
543 3538 567 3586 4.
588 3560 621 3570 -
677 3535 701 3586 5.
717 3529 782 3583 Sed
801 3546 874 3583 esse
894 3529 1042 3584 Galliae:
1063 3530 1111 3584 sed
1125 3531 1238 3586 bezieht

65 3598 226 3652 obsidum
258 3615 408 3652 numero:
441 3599 522 3652 dafiir
554 3617 576 3655 c.
606 3606 622 3654 5
677 3599 736 3653 sich
755 3600 805 3652 anf
821 3600 901 3654 einen
924 3601 964 3654 im
982 3600 1237 3669 Vorhergehenden

64 3668 194 3722 obsidum
209 3668 280 3733 loeo,
295 3673 345 3734 3,2
360 3668 489 3722 obsidum
502 3672 621 3728 nomine.
677 3670 857 3724 enthultenen
893 3670 1045 3739 negativen
1075 3669 1236 3738 Godanken,

63 3771 97 3780 —
117 3754 227 3805 neque
248 3769 279 3776 —
303 3739 363 3792 aut
380 3741 509 3802 -ffautz
533 3742 622 3810 vergi.
677 3741 727 3794 der
745 3739 804 3794 sich
823 3740 911 3793 leieht
929 3740 1034 3810 ergibt,
1054 3741 1152 3795 sobald
1170 3758 1237 3794 man

66 3817 90 3877 1,
118 3814 151 3862 22
180 3827 214 3862 ιιι
241 3807 337 3862 diesen
364 3808 495 3876 Worten3
527 3812 623 3866 merke
677 3809 784 3864 Galliae
798 3811 894 3864 scheri
905 3812 1012 3865 betoni.
1029 3841 1061 3850 —
1078 3810 1236 3865 omnibus

65 3880 141 3934 diere
187 3879 445 3948 Ausdruolrsweise,
491 3883 623 3949 negative
676 3882 834 3935 hibernis
849 3881 1101 3950 oppugnandis:
1116 3880 1237 3949 Beispiel

65 3951 177 4005 Wbrter
211 3951 278 4004 oder
307 3949 386 4003 Siitze
417 3949 621 4018 fortzuliihren;
675 3952 720 4004 fiir
747 3952 800 4005 den
826 3951 973 4005 Cebruuoh
1001 3951 1050 4004 des
1076 3950 1160 4004 Dativ
1188 3951 1237 4005 des
1291 4012 1294 4018 ,

66 4021 106 4074 sie
138 4022 175 4074 ist
206 4020 343 4088 gewithlt,
375 4038 423 4073 um
451 4022 624 4079 noehdritek·
679 4021 843 4075 Gerundivs.
859 4052 890 4061 -
911 4021 1041 4074 dietum
1059 4019 1160 4074 diem:
1178 4022 1236 4090 vgl.

65 4091 153 4145 lioher
175 4109 210 4144 nu
232 4091 325 4144 reden.
366 4089 533 4159 Vergleiohe
551 4112 573 4148 ι.
593 4095 624 4148 Β.
681 4098 709 4160 1,
733 4098 766 4145 42
791 4092 850 4145 dies
868 4091 1009 4157 colloquio
1027 4091 1118 4144 dietus
1137 4092 1180 4144 est
1203 4108 1237 4145 ex

66 4177 89 4215 c.
110 4168 151 4229 17,
171 4167 196 4215 4.
217 4192 250 4200 -
275 4168 299 4214 3.
325 4161 414 4240 quod
434 4161 564 4242 iecerit
585 4165 625 4219 de
680 4179 713 4216 eo
733 4162 777 4215 die
797 4160 920 4242 quintus.
940 4190 973 4198 —
992 4161 1093 4244 hune:
1117 4177 1153 4213 an
1171 4162 1237 4215 wel·

65 4231 626 4372 terttnttttttuttttttttltr
680 4233 779 4355 titt.
793 4232 843 4381 il}
857 4231 1238 4371 dimittentium
1320 4251 1336 4274 ‘

65 4371 110 4425 fiir
132 4372 178 4426 die
200 4371 351 4442 folgenden
369 4372 467 4426 Worte
492 4373 540 4428 des
560 4374 625 4444 Cup.
682 4371 739 4424 und
777 4370 895 4425 Subrnus
931 4390 966 4424 nu
1001 4372 1168 4428 bestfirmon.
1202 4402 1238 4412 -

973 4461 1025 4512 10*
