2804 4778
488 230 555 288 ΗΒ,
575 231 608 286 v.
637 230 714 287 car.
734 238 848 287 cs-or.
1107 296 1112 311 ,
1190 235 1254 300 169

80 416 152 459 num
184 399 338 477 transiret,
368 415 437 458 cum
467 415 499 457 sc
530 396 576 457 bis
606 405 745 476 expertos
776 398 923 480 dicerent,
951 398 1091 461 Ariovisti
1118 400 1195 461 bello
1225 412 1255 463 et

80 486 298 546 Tencterorum
330 487 476 546 transitu:
515 503 575 544 non
608 504 674 545 esse
707 486 832 564 amplius
865 488 1015 548 fortunam
1049 497 1253 569 temptaturos.

80 575 141 634 Hac
165 593 217 652 spe
241 573 341 653 lapsus
360 573 579 634 Indutiomarus
603 573 694 634 nihilo
718 577 817 634 minus
836 579 936 654 copias
960 595 1080 656 cogere,
1104 597 1254 659 exercere,
1273 592 1289 639 3

80 683 96 724 a
119 664 263 723 finitumis
287 681 379 740 equos
406 680 526 743 parare,
553 662 671 722 exsules
691 662 913 746 ,damnatosque
941 672 1002 725 tota
1026 666 1117 730 Gallia
1141 669 1254 745 magnis

80 752 220 831 praemiis
242 751 279 810 ad
303 770 334 811 se
359 750 478 811 allicere
502 753 608 830 coepit.
654 752 695 811 Ac
724 760 834 812 tantam
858 752 915 813 sibi
942 755 1000 812 iam
1027 754 1074 814 his
1101 754 1193 815 rebus
1222 758 1290 815 in4

80 839 171 899 Gallia
201 842 407 924 centenitatem
438 847 672 920 comparaverat,
702 847 736 900 ut
766 841 897 919 undique
927 841 962 900 ad
993 861 1062 903 eum
1092 843 1254 922 legationes

80 935 305 1007 concurrerent,
323 930 447 1006 gratiam
466 936 554 1006 atque
574 930 732 988 amicitiam
750 928 867 1008 publice
886 932 1083 1009 privatimque
1108 940 1253 1010 peterent.

170 1013 221 1078 56.
255 1016 311 1076 Ubi
339 1015 484 1077 intellexit
511 1016 590 1076 ultro
613 1016 649 1076 ad
679 1036 710 1077 se
739 1020 848 1098 veniri,
878 1017 970 1079 altera
994 1028 1137 1099 exparte
1162 1020 1253 1080 Seno-

80 1124 135 1164 nes
172 1104 377 1183 Carnutesque
415 1107 596 1165 conscientia
635 1105 775 1165 facinoris
811 1108 964 1188 instigari,
1001 1107 1094 1168 altera
1129 1106 1254 1169 Nervios

79 1192 309 1272 Aduatucosque
341 1193 451 1254 bellum
480 1194 620 1253 Romanis
651 1213 772 1274 parare,
805 1202 903 1273 neque
931 1196 987 1256 sibi
1019 1196 1254 1257 voluntariorum

80 1284 181 1360 copias
205 1282 319 1362 delore,
344 1284 369 1342 si
393 1302 429 1342 cx
452 1280 561 1342 finibus
585 1284 647 1342 suis
669 1283 810 1361 progredi
834 1286 994 1364 coepisset,
1017 1293 1164 1345 armatum
1185 1304 1254 1345 con·

80 1370 183 1431 cilium
211 1370 324 1432 indicit.
374 1370 437 1431 Hoc
467 1389 551 1430 more
579 1369 730 1431 Gallorum
760 1380 806 1432 est
835 1374 952 1433 initium
982 1372 1069 1454 betti,
1099 1392 1158 1452 quo
1188 1373 1288 1452 leget

81 1461 232 1519 communi
260 1477 363 1520 omnes
391 1459 522 1538 puberes
545 1461 651 1520 armati
674 1462 834 1520 convenire
858 1469 1056 1541 consuerunt3
1085 1465 1136 1540 qui
1160 1481 1196 1522 ex
1219 1464 1257 1522 iis

81 1549 262 1608 novissimus
291 1551 441 1630 convenit,
469 1551 500 1608 in
524 1556 687 1627 conspectu
720 1547 918 1609 multitudinis
948 1549 1086 1611 omnibus
1119 1553 1255 1611 cruciati-

81 1635 138 1696 bus
167 1637 291 1696 affectus
319 1645 451 1698 necatur.
497 1636 531 1696 ln
559 1654 595 1696 eo
619 1637 744 1696 concilio
770 1637 1000 1719 Cingetorigem,
1030 1639 1152 1699 alterius
1175 1642 1291 1718 prin-3

82 1726 179 1802 cipem
203 1725 352 1805 factionis,
376 1744 522 1804 generum
545 1743 647 1805 suum,
672 1742 761 1803 quem
784 1745 874 1806 supra
898 1726 1166 1788 demonstravimus
1186 1727 1256 1788 Cae-

81 1814 157 1872 saris
185 1821 321 1874 secntum
348 1814 437 1874 fidem
460 1813 497 1873 ab
526 1832 561 1874 eo
589 1830 649 1873 non
684 1813 870 1895 discessisse,
893 1814 1011 1875 hostem
1034 1816 1145 1876 iudicat
1167 1816 1257 1876 bona·

82 1919 140 1978 que
165 1903 229 1960 eius
257 1900 396 1980 publicat.
441 1901 494 1962 His
518 1901 609 1961 rebus
633 1903 776 1962 coniectis
807 1904 838 1962 in
862 1902 987 1963 concilio
1014 1907 1188 1982 pronuntiat
1211 1922 1255 1963 ar·
1275 1917 1292 1962 4

81 1981 284 2049 εθεείῑυηΐεο
315 2008 331 2049 a
356 1988 524 2050 Senonibus
552 1999 582 2050 et
605 1988 786 2050 Carnutibus
814 1989 938 2068 aliisque
967 1991 1169 2069 compluribus
1193 1991 1257 2051 Gal·

81 2077 137 2136 liae
166 2076 347 2157 ciuitatibus3
375 2078 434 2138 buc
461 2080 575 2138 iturum
602 2096 657 2156 per
685 2078 760 2137 fines
788 2077 950 2138 Remorum
979 2097 1142 2157 eorumque
1171 2090 1292 2157 agroso

81 2164 293 2244 populaturum
322 2185 369 2246 ac,
397 2168 571 2244 priusquam
602 2165 632 2225 id
663 2167 765 2246 iaciat,
795 2174 891 2226 castra
921 2165 1043 2227 Labieni
1073 2175 1257 2247 oppugnatu-

82 2271 158 2311 rum.
206 2252 287 2322 Quae
310 2254 376 2313 sieri
399 2253 481 2333 velit,
505 2255 657 2332 praecipit.

173 2336 224 2400 57.
253 2340 415 2422 Labienus,
445 2359 513 2400 cum
543 2349 572 2401 et
599 2342 657 2401 loci
684 2349 790 2401 natura
816 2350 845 2403 et
867 2361 957 2404 manu
980 2346 1187 2405 munitissimis
1211 2363 1257 2403 ca·

83 2429 154 2488 stris
184 2447 250 2488 sese
280 2437 412 2508 teneret,
441 2429 477 2490 de
501 2448 555 2490 suo
580 2448 613 2490 ac
640 2429 765 2509 legionis
795 2431 929 2510 periculo
953 2431 1027 2492 nihil
1055 2432 1195 2513 timebat,
1219 2450 1256 2491 ne

83 2534 172 2594 quam
195 2519 382 2578 occasionem
405 2520 449 2578 rei
476 2518 553 2579 bene
576 2519 724 2598 gerendae
748 2518 926 2601 dimitteret,
953 2521 1108 2600 cogitabat.
1154 2521 1256 2599 ltaque
1275 2532 1291 2579 2

84 2623 99 2663 a
124 2603 313 2684 Cingetorige
342 2614 430 2686 atque
458 2609 523 2667 eins
550 2608 727 2687 propinquis
756 2610 889 2668 oratione
912 2607 1108 2669 Indutiomari
1131 2611 1272 2689 cognita,

82 2829 645 2969 turtula..⁰tttltt‚ttttflib*
696 2828 1258 2968 bittitlittidum:

84 2967 108 3022 si
126 2968 228 3023 iterum
247 2969 368 3038 experiri
385 2969 483 3023 velint.
503 3000 537 3009 -
557 2970 644 3024 dice·
698 2971 777 3040 bung
794 2970 920 3024 deutlich
937 2971 1068 3024 macheu:
1088 2970 1155 3037 „der
1171 2971 1259 3026 letzte

82 3042 172 3093 rent:
195 3040 321 3094 ntmlicb
339 3039 479 3095 Germani.
500 3072 534 3080 —
552 3040 645 3094 Ario·
698 3041 750 3106 ist,
777 3040 852 3095 der“.
881 3071 915 3081 -
944 3041 1107 3103 convenit
1133 3040 1171 3095 ist
1193 3041 1258 3095 Per-

82 3109 168 3164 visti
191 3110 285 3165 bello
305 3112 339 3165 et
357 3141 391 3151 -—
409 3111 577 3165 transitu:
600 3126 653 3173 wo)
698 3112 769 3177 fect3
794 3111 870 3166 siehe
889 3118 914 3180 4,
935 3118 948 3165 1
970 3130 1005 3165 zu
1022 3111 1138 3181 reliqui,
1157 3112 1206 3181 qui
1224 3142 1257 3152 -

85 3180 135 3234 hat
158 3179 217 3235 dies
242 3180 327 3235 Ctsar
350 3181 438 3236 selbst
461 3182 586 3237 erathii?
610 3213 644 3222 -
698 3184 868 3237 manserunt.
905 3213 939 3222 -
976 3182 1146 3238 omnibus:
1184 3183 1259 3238 allen

83 3257 108 3305 3.
134 3251 203 3306 Hac
229 3268 287 3321 spe
312 3253 446 3322 lapsus:
473 3252 541 3323 fiige
567 3251 644 3307 diese
698 3253 865 3336 mbglicben.
894 3284 926 3293 -
955 3253 1118 3308 allectus:
1147 3271 1168 3310 s.
1194 3260 1218 3324 1,
1242 3261 1258 3308 2

83 3322 234 3392 Wendung
256 3341 291 3376 zu
315 3341 337 3377 c.
356 3329 390 3376 42
414 3323 535 3394 Anfang.
560 3354 594 3364 -
617 3330 643 3378 4.
698 3343 731 3378 zu
749 3324 888 3378 inductus
908 3355 941 3363 -—
961 3330 986 3379 3.
1006 3341 1121 3392 supro:
1140 3341 1163 3379 c.
1182 3331 1208 3380 3.
1223 3356 1258 3366 -—

82 3394 222 3461 publice
240 3394 483 3464 privatimque:
504 3394 535 3448 in
552 3395 644 3449 ihrem
699 3395 857 3451 Caesaris
876 3396 1031 3449 secutum
1051 3395 1167 3450 fidem:
1193 3414 1214 3450 s.
1232 3402 1259 3463 4,

83 3464 141 3517 und
160 3464 209 3518 des
230 3465 340 3520 Staates
359 3467 477 3520 Nomen.
698 3471 731 3520 21
751 3485 785 3520 zu
803 3467 829 3519 d.
849 3465 894 3520 W.
914 3496 948 3505 -
966 3482 1032 3521 nou
1050 3465 1259 3520 discessisse

120 3532 186 3604 Cap.
212 3539 255 3590 56.
282 3541 306 3590 1.
331 3537 436 3590 ultro:
461 3552 518 3592 von
543 3536 644 3602 selbst;
698 3537 776 3591 =in
794 3537 849 3591 fide
867 3536 1100 3592 mansisse-5.
1120 3538 1184 3592 hue
1203 3537 1229 3592 d.
1240 3537 1258 3592 i.

84 3604 137 3672 eig.
162 3605 232 3658 iiber
255 3605 330 3660 scine
353 3605 560 3675 Aufforderung
582 3607 644 3661 hin·
699 3607 735 3662 ad
766 3607 817 3661 has
850 3606 990 3673 civitatem
1030 3624 1097 3662 mon
1129 3609 1260 3662 erwartet

84 3691 143 3728 eus.
179 3675 275 3745 Vergl
298 3676 371 3730 auch
394 3694 417 3731 c.
437 3683 471 3732 28
494 3695 529 3731 zu
551 3677 578 3730 d.
596 3677 642 3732 W.
696 3677 778 3744 illuc;
797 3677 850 3732 mit
868 3677 1073 3747 Lebendigkeit
1090 3679 1148 3731 und
1166 3678 1258 3731 Nach-

84 3775 119 3786 -
139 3744 289 3800 Senones
308 3745 556 3816 Carnutesque:
574 3747 644 3802 iiber
698 3749 786 3802 druck
812 3748 884 3803 sotzt
910 3765 941 3802 er
966 3749 1035 3813 huc,
1067 3748 1162 3802 indem
1193 3747 1259 3816 jene

80 3816 147 3886 jone
166 3816 244 3871 siche
262 3833 284 3872 c.
305 3822 352 3886 54,
372 3817 442 3872 tiber
461 3818 538 3873 disse
557 3833 580 3872 c.
599 3823 643 3873 25.
698 3817 1147 3886 StaetenseinerVorstellungels
1157 3833 1259 3886 gegen·

84 3917 118 3927 -
142 3887 418 3943 voluntariorum
441 3887 560 3958 copias
588 3889 644 3943 de·
697 3889 800 3959 wtrtig
817 3888 981 3944 bezeichnet
998 3889 1110 3943 werden
1129 3888 1227 3941 sollen.

83 3957 171 4012 fore:
195 3975 231 4012 an
254 3959 358 4013 Zuleuf
377 3975 432 4014 von
454 3958 645 4028 Freiwilligen
735 3960 801 4030 Cap.
826 3966 868 4015 57.
894 3965 917 4014 1.
942 3976 1041 4013 manu
1064 3958 1102 4011 ist
1119 3964 1145 4023 3,
1165 3964 1198 4011 23
1218 3973 1261 4012 er-

84 4028 178 4083 ichlen
191 4029 292 4086 werde.
308 4061 341 4072 -
357 4036 380 4083 2.
396 4029 466 4085 Hoc
485 4029 539 4085 di.
554 4045 644 4084 arme-
698 4031 788 4098 kltrt3
820 4030 866 4084 fur
894 4045 979 4083 manu
1006 4029 1082 4082 steht
1114 4027 1186 4082 bites
1213 4028 1261 4083 ein

84 4101 146 4153 tum
164 4100 316 4154 concilium
332 4099 478 4156 indictum.
497 4129 532 4140 -
556 4115 647 4155 more
701 4102 819 4155 anderes
834 4100 924 4153 Wort.
952 4097 1160 4167 Vergleiche'c.
1180 4105 1206 4154 9.
1225 4129 1259 4138 -

85 4169 276 4225 Gallorumz
303 4170 349 4225 fiir
372 4169 518 4226 Gallorum
539 4171 646 4226 kduntc
700 4169 945 4225 munitissimis
963 4200 997 4209 —
1016 4171 1169 4225 teneret:
1193 4187 1213 4223 s.
1234 4175 1265 4237 2,

85 4243 207 4307 esNauch
225 4241 354 4296 heissen?
381 4242 476 4310 Vergl.
492 4242 542 4296 dos
561 4248 588 4308 6,
603 4247 646 4310 27,
702 4248 744 4309 11,
760 4248 775 4294 2
791 4259 825 4294 zu
839 4239 937 4294 eastris
952 4239 1098 4295 continuit.
1118 4272 1152 4281 —
1170 4239 1261 4294 nihil

84 4316 102 4365 5
130 4330 166 4365 zu
198 4312 398 4368 consuetudine
425 4312 584 4368 Bemerlrte.
612 4342 645 4352 -
699 4311 860 4366 timebat:
879 4311 963 4380 hegte
982 4327 1034 4382 gar
1047 4310 1129 4365 keine
1143 4311 1261 4376 Besorg-
1284 4323 1287 4328 ·

85 4397 151 4451 quo
170 4407 204 4428 =
223 4383 259 4437 ad
278 4384 366 4454 quod,
385 4383 444 4439 bez.
464 4383 512 4437 aui
530 4383 591 4438 hoo.
611 4413 645 4423 -
669 4383 768 4505 ‘miss
784 4413 816 4422 —
834 4398 877 4438 nc
895 4399 1013 4452 quumz
1027 4382 1142 4434 uuum
1155 4381 1213 4430 exn
1224 4379 1290 4426 uss·
