2804 4778
163 212 229 276 282
569 213 617 267 on
636 210 755 267 annno
774 212 932 299 amuco

164 398 233 441 cum
264 388 388 460 repente
418 379 568 439 confertae
599 378 731 457 legiones
761 380 792 439 iu
822 386 1016 458 conspectum
1045 379 1176 440 hostium
1207 382 1347 443 veniunt.

127 468 281 540 aQuibus
312 470 384 529 visis
415 466 570 547 perculsae
605 465 800 528 barbarorum
832 476 948 529 turmae
981 486 1014 528 ac
1050 470 1227 547 perterritae
1262 473 1346 530 acies

163 557 294 619 hostium
321 556 495 637 perturbato
526 554 807 635 impedimentorum
837 557 952 635 agmine
983 574 1090 635 magno
1120 556 1249 618 clamore
1281 557 1344 619 dis-

126 656 144 704 3
164 664 316 724 cursuque
338 648 448 725 passim
472 646 557 724 fugae
582 663 613 704 se
638 643 786 705 mandant.
831 645 869 706 At
891 646 988 705 nostri
1015 647 1145 724 equites,
1172 648 1224 724 qui
1252 647 1345 726 paulo

163 742 231 794 ante
251 753 319 795 cum
339 732 548 795 resistentibus
571 734 732 794 fortissime
752 733 960 813 conflixerant,
979 732 1090 794 laetitia
1108 735 1249 794 victoriae
1270 734 1343 796 elati

164 841 270 902 magno
298 823 431 902 undique
460 821 589 882 clamore
617 821 733 883 sublato
765 821 941 883 cedentibus
974 822 1162 902 circumfusi,
1195 831 1344 901 quantum

165 929 312 990 equorum
334 914 413 972 vires
436 910 471 970 ad
495 909 737 990 persequendum
761 910 942 989 dextraeque
966 910 1002 970 ad
1026 909 1211 971 caedendum
1233 911 1344 993 valent,

125 1008 145 1057 4
164 1008 280 1061 tantum
305 1019 340 1060 eo
363 999 477 1079 proelio
500 999 692 1060 interficiunt.
730 998 832 1077 ltaque
856 998 982 1077 amplius
1000 998 1119 1060 milibus
1142 998 1196 1059 XII
1219 1008 1271 1061 aut
1295 1018 1343 1062 ar·

163 1095 310 1149 matorum
338 1096 390 1149 aut
418 1106 535 1167 eorum,
563 1089 614 1165 qui
638 1106 673 1147 eo
700 1089 807 1148 timore
837 1104 918 1147 arma
944 1089 1146 1168 proiecerant,
1173 1089 1343 1150 interfectis

163 1179 260 1237 omnis
283 1175 442 1237 multitudo
465 1177 583 1255 capitur
605 1174 894 1255 impedimentorum.
1070 1256 1071 1259 Ἴ

252 1262 304 1326 30.
342 1264 406 1336 Qua
437 1283 473 1324 ex
503 1265 572 1343 fuga
603 1282 672 1324 cum
701 1271 853 1324 constaret
878 1262 1057 1342 Drappetem
1086 1263 1249 1346 senonem,
1279 1268 1342 1348 qui,

162 1362 195 1414 ut
222 1355 352 1434 primum
380 1353 531 1414 defecerat
554 1351 657 1431 Gallia,
685 1350 817 1413 collectis
846 1351 978 1430 undique
1006 1351 1131 1431 perditis
1160 1344 1372 1436 bominibus,'

161 1445 255 1502 servis
287 1440 323 1502 ad
355 1441 522 1503 libertatem
554 1443 678 1520 vocatis,
710 1439 846 1500 exulibus
878 1441 1010 1501 omnium
1045 1443 1195 1502 civitatum
1227 1443 1341 1523 ascitis,

160 1532 290 1611 receptis
318 1530 483 1591 latronibus
509 1529 720 1610 impedimenta
748 1537 778 1589 et
806 1537 988 1589 commeatus
1016 1528 1218 1590 Romanorum
1246 1532 1339 1592 inter·

161 1628 294 1700 ceperat,
322 1638 382 1679 non
409 1618 535 1698 amplius
563 1618 716 1678 hominum
740 1616 860 1678 milibus
883 1635 920 1677 ex
947 1617 1017 1696 luga
1040 1619 1172 1696 quinque
1196 1618 1341 1700 collectis,

160 1710 342 1787 provinciam
373 1716 475 1787 petere
498 1723 616 1785 unaque
640 1705 797 1767 consilium
821 1723 889 1766 cum
914 1724 949 1766 eo
972 1704 1145 1767 Lucterium
1169 1705 1340 1769 Cadurcum

161 1799 290 1878 cepisse,
319 1814 408 1874 quem
432 1796 586 1875 superiore
615 1795 827 1855 commentario
850 1796 946 1874 prima
969 1793 1135 1856 delectione
1159 1793 1269 1857 Gadiae
1297 1797 1340 1857 fa·

123 1893 229 1945 acere
253 1887 284 1945 in
306 1885 489 1964 provinciam
513 1882 641 1942 voluisse
664 1885 809 1963 impetum
833 1885 984 1961 cognitum
1008 1891 1066 1963 est,
1094 1882 1237 1944 Caninius
1260 1884 1340 1964 lega-

160 1983 209 2034 tus
240 1993 308 2034 cum
338 1972 504 2052 legionibus
535 1970 561 2030 ll
590 1970 626 2031 ad
658 1990 709 2032 eos
740 1970 966 2051 persequendos
989 1972 1155 2053 contendit,
1185 1991 1223 2032 ue
1246 1973 1339 2034 detri-

160 2070 260 2123 mento
284 2070 334 2124 aut
361 2063 466 2121 timore
495 2061 664 2139 provinciae
689 2076 793 2138 magna
820 2059 940 2119 infamia
966 2060 1152 2138 perditorum
1181 2061 1338 2123 homiuum

159 2150 323 2212 latrociniis
346 2157 513 2229 caperetur.

248 2235 300 2300 31.
338 2237 427 2299 Caius
449 2237 558 2298 Fabius
587 2255 656 2298 cum
684 2236 801 2316 reliquo
825 2237 958 2297 exercitu
983 2237 1014 2296 in
1037 2234 1183 2297 Carnutes
1206 2247 1337 2301 ceteras-

142 2344 217 2404 que
241 2327 441 2404 proficiscitur
460 2328 609 2406 civitates,
632 2344 757 2404 quarum
782 2343 817 2385 eo
840 2324 968 2406 proelio',
991 2324 1071 2403 quod
1095 2343 1164 2386 cum
1181 2325 1336 2389 Dumnaco

122 2413 285 2493 afecerat,
317 2415 417 2490 copias
450 2432 515 2474 esse
548 2416 660 2474 accisas
689 2413 809 2475 sciebat.
858 2413 924 2474 Non
952 2415 1032 2474 enim
1064 2412 1231 2496 dubitabat,
1262 2419 1338 2495 quin

160 2503 276 2561 recenti
300 2499 464 2562 calamitate
487 2501 697 2563 submissiones
720 2510 822 2563 essent
845 2502 975 2577 futurae,
999 2501 1068 2562 dato
1086 2520 1157 2562 vero
1181 2506 1277 2583 spatio
1302 2524 1337 2566 ac

123 2597 294 2669 atempore
319 2587 424 2651 eodem
451 2592 610 2670 instigante
634 2590 785 2651 Dumnaco
812 2597 936 2670 possent
964 2591 1116 2651 concitari.
1162 2591 1226 2661 Qua
1248 2594 1280 2653 in
1303 2613 1339 2655 re

160 2696 274 2739 summa
297 2679 422 2741 felicitas
446 2679 641 2759 celeritasque
665 2683 696 2740 in
727 2679 907 2758 recipiendis
930 2678 1098 2740 civitatibus
1120 2678 1242 2740 Fabium
1267 2700 1338 2743 con·

120 2777 140 2826 4
159 2769 303 2846 sequitur.
340 2767 414 2827 Nam
429 2767 588 2848 Carnutes,
607 2770 659 2847 qul
682 2786 770 2847 saepe
791 2769 888 2828 vexati
911 2784 1073 2846 numquam
1095 2769 1177 2847 pacis
1200 2768 1338 2832 fecerant

157 2859 352 2938 mentionem,
376 2856 452 2916 datis
475 2856 628 2918 obsidibus
652 2858 775 2918 veniunt
797 2858 828 2916 in
851 2855 1046 2938 deditionem,
1069 2863 1246 2935 ceteraeque
1266 2861 1339 2921 civi·

157 2953 233 3006 tates
262 2948 376 3025 positae
407 2946 436 3004 in
467 2944 579 3005 ultimis
602 2944 711 3006 Calliae
741 2944 865 3025 finibus,
895 2943 1014 3005 Oceano
1037 2945 1228 3027 coniunctae,
1260 2965 1337 3027 quae

157 3034 347 3095 Aremoricae
379 3033 579 3114 appellantur,
615 3036 790 3095 auctoritate
828 3033 972 3094 adductae
1005 3032 1171 3094 Carnutum
1207 3033 1339 3098 adventu

120 3120 239 3182 5Fabii
270 3123 480 3202 legionumque
511 3124 654 3201 imperata
687 3126 751 3184 siue
784 3140 867 3182 mora
900 3122 1020 3183 faciunt.
1066 3122 1237 3184 Dumnacus
1271 3128 1336 3186 suis

156 3307 253 3362 zelnen
271 3309 482 3379 Abtheilungen
505 3310 565 3364 aioh
583 3309 718 3365 abldsend
773 3310 901 3365 Schcden
919 3310 1023 3365 erleide
1042 3310 1109 3365 oder
1126 3311 1157 3364 in
1175 3310 1338 3368 Schrocken

156 3380 189 3447 (s.
210 3395 232 3434 c.
254 3381 297 3448 19)
320 3380 375 3434 den
393 3380 508 3435 Reitern
531 3380 627 3436 helien
649 3381 718 3435 latin·
772 3383 879 3453 gerent
902 3381 995 3436 werde
1020 3381 1110 3437 durch
1135 3381 1181 3436 die
1211 3384 1338 3439 rinhari-

156 3466 219 3504 nen.
244 3479 277 3488 —
305 3456 330 3505 3.
349 3450 583 3506 interficiunt:
603 3478 638 3498 =
657 3469 718 3508 coe·
771 3451 1025 3522 achenSbreifziige
1039 3452 1340 3511 dieserverdorbonen

154 3519 221 3574 dem
244 3518 358 3575 iaciunt.
393 3521 484 3576 Achbe
512 3524 563 3577 auf
587 3524 642 3577 den
669 3523 718 3578 ab·
773 3523 933 3578 Menschen.

157 3590 269 3645 soluien
290 3589 438 3647 Gebrauch
461 3609 516 3647 von
538 3592 717 3650 interficiunt.
808 3593 875 3664 Cap.
894 3600 936 3650 31.
972 3600 995 3648 1.
1015 3594 1163 3657 acciacae
1186 3594 1253 3650 hart
1271 3597 1340 3651 mii·

193 3662 260 3731 Cap.
279 3667 321 3716 30.
351 3671 373 3716 1.
393 3665 431 3716 ub
447 3662 591 3731 primum
609 3664 716 3719 defcc.
773 3680 942 3735 genommen
964 3682 1072 3735 waren,
1100 3666 1243 3721 schweron
1266 3667 1339 3722 Ver·

155 3730 285 3788 Gallia:
308 3751 329 3789 s.
349 3740 374 3802 7,
394 3739 418 3788 1.
438 3764 471 3773 -
491 3750 530 3787 ex
549 3735 643 3804 fuga:
667 3735 717 3791 das
771 3735 829 3790 lusi
852 3735 965 3791 erliiten
990 3737 1097 3792 hatten.
1117 3768 1151 3776 -
1175 3743 1200 3792 2.
1220 3739 1338 3806 spatio

155 3804 333 3860 Verhbliniaa
360 3803 451 3859 dieser
473 3805 573 3859 Worie
600 3824 635 3859 ιιι
662 3806 717 3860 den
771 3823 809 3860 oc
826 3808 994 3877 tempore:
1013 3807 1082 3862 awai
1095 3808 1194 3863 Wortc
1211 3824 1261 3862 um
1280 3808 1339 3865 den

154 3874 195 3928 im
214 3875 328 3945 Anfang
345 3876 394 3930 des
409 3874 474 3944 Cap.
490 3876 643 3932 sichenden
661 3894 718 3946 qua
771 3877 879 3947 Begriff
906 3877 982 3932 eines
1013 3879 1147 3949 langeron
1178 3877 1338 3936 Zciiraums

155 3963 191 4000 ex
212 3946 280 4015 fuga
302 3946 356 4001 isi?
380 3978 414 3986 -
437 3946 632 4002 Lucterium
658 3946 717 4003 (ic-
771 3947 1007 4004 hervorznhcben.
1022 3956 1095 4004 -.3.
1105 3948 1264 4004 felicitas
1279 3968 1338 4007 co-

153 4016 309 4071 durcum:
332 4035 353 4072 a.
374 4024 398 4085 ⁷,
418 4023 433 4072 5
453 4037 480 4072 u.
499 4024 525 4074 6.
549 4049 582 4058 -
606 4018 718 4089 prima
770 4018 977 4088 leriiaaquez
1000 4020 1090 4075 durch
1113 4019 1242 4076 celerimo
1262 4022 1337 4078 wird

155 4087 354 4143 defectione
376 4090 468 4143 dbera.
487 4090 559 4144 nach
580 4096 609 4158 1,
628 4097 662 4144 22
681 4109 716 4144 nu
769 4088 891 4145 felicitas
904 4091 993 4146 nither
1000 4090 1155 4159 bestimmt,
1168 4091 1336 4149 inwiefem?

155 4158 247 4226 prima
265 4159 336 4214 luce.
354 4190 387 4199 -
402 4166 427 4216 2.
446 4176 486 4214 ne
504 4160 716 4216 detrimento
771 4191 806 4200 -
823 4167 850 4216 4.
869 4161 928 4230 qui
946 4192 979 4201 -
998 4162 1219 4218 montionem:
1244 4166 1336 4236 vergl.

154 4231 222 4284 etc:
255 4228 346 4284 domii
374 4247 404 4283 er
435 4230 493 4284 sich
526 4229 604 4285 nicht
636 4231 717 4287 einen
772 4237 797 4301 6,
814 4237 839 4285 4.
871 4231 979 4286 Hirtius
997 4233 1107 4288 acheint
1124 4232 1198 4288 diesc
1213 4240 1239 4301 6,
1258 4241 1336 4291 4er·

155 4298 241 4354 iibeln
263 4300 324 4354 Ruf
344 4301 411 4355 oder
429 4301 538 4355 Nomen
560 4300 590 4355 in
612 4303 718 4358 hohem
770 4303 885 4359 wbhnte
902 4303 1117 4375 Unierwerfung
1134 4302 1214 4360 nicht
1231 4324 1267 4360 zu
1284 4305 1337 4362 be-

153 4367 248 4424 Grado
278 4369 404 4441 ramiche,
427 4387 508 4427 wonn
531 4370 576 4427 die
597 4372 719 4428 Provinz
770 4373 988 4445 rdokaichtigen
