2804 4778
486 237 554 292 nm.
572 237 593 291 1.
622 237 698 294 cae.
718 244 796 294 r-e.
989 216 991 223 ’
1201 236 1222 299 9

56 401 173 483 legatis,
206 405 301 483 venit,
330 412 359 463 et
386 403 473 482 legati
500 402 536 462 ad
569 420 638 463 eum
669 411 870 484 reverterunt,
903 411 990 482 negat
1022 421 1054 464 se
1084 420 1166 464 moro
1195 411 1225 463 et

58 490 192 570 exemplo
216 491 316 570 populi
339 491 463 551 Romani
486 509 574 570 posse
596 493 654 551 iter
677 490 730 551 ulli
751 510 806 570 per
830 494 1012 571 provinciam
1035 492 1114 572 dare,
1138 499 1176 571 et,
1199 493 1225 552 si
1305 492 1307 497 '

56 582 116 640 vim
140 580 237 640 iacere
260 589 414 654 conentur,
432 579 652 660 prohibiturum
674 579 812 641 ostendit.
849 579 974 641 Helvetii
993 598 1026 640 ea
1046 598 1098 660 spe
1117 580 1225 641 deiecti
1243 591 1261 640 4

56 667 181 729 navibus
211 670 320 730 iunctis
350 668 523 748 ratibusque
553 667 755 748 compluribus
784 669 869 729 lactis
896 668 945 729 alii
972 669 1053 737 vadis
1081 667 1224 749 Rhodani,

57 768 116 835 qua
139 758 259 817 minima
287 757 410 818 altitudo
438 757 568 818 lluminis
592 765 668 837 erat,
696 775 917 836 nonnumquam
940 757 1084 838 interdiu,
1107 760 1225 837 saepius

57 854 158 927 noctu,
182 848 207 906 si
229 863 424 926 perrumpere
446 853 582 927 possent,
611 840 708 906 conati
736 848 836 925 operis
859 847 1032 917 munitione,
1047 855 1076 906 et
1098 846 1225 907 militum

56 951 207 994 concursu
232 941 261 994 et
284 933 350 995 telis
374 935 486 1014 repulsi
508 934 564 995 hoc
588 942 696 995 conatu
719 934 907 996 destiterunt.

147 1037 176 1100 9.
201 1039 433 1120 Relinquebatur
457 1059 515 1102 una
540 1059 594 1120 per
618 1039 772 1120 Sequanos
794 1043 854 1124 via,
878 1059 935 1120 qua
959 1041 1104 1120 Sequanis
1126 1042 1224 1101 invitis

56 1137 180 1208 propter
204 1131 353 1208 angustias
375 1133 419 1191 iro
443 1147 502 1190 uon
529 1137 676 1209 poterant.
721 1129 774 1190 His
803 1149 871 1192 cum
899 1148 952 1191 stra
975 1137 1081 1209 sponte
1104 1148 1224 1209 persua·
1243 1142 1259 1190 2

57 1217 129 1277 dere
158 1235 217 1277 non
244 1228 382 1300 possent,
414 1217 525 1297 legatos
555 1218 590 1278 ad
621 1218 831 1300 Dumnorigem
864 1218 997 1279 deduum
1030 1220 1163 1292 mittunt,
1193 1227 1227 1278 ut

59 1324 94 1366 eo
122 1305 314 1385 deprecatore
347 1307 533 1387 aSequanis
560 1309 761 1387 impetrarent.
807 1307 970 1368 Dumnorix
997 1308 1090 1386 gratia
1114 1313 1144 1368 et
1170 1305 1261 1368 lar-3

58 1395 167 1473 gittone
191 1395 268 1474 apud
293 1395 446 1475 Sequanos
474 1396 634 1476 plurimum
657 1403 775 1475 poterat
797 1405 827 1457 et
853 1395 995 1456 Helvetiis
1019 1403 1083 1456 erat
1105 1397 1227 1477 amicus,

58 1482 138 1562 quod
162 1501 197 1543 ex
222 1501 255 1544 ea
278 1487 394 1546 civitate
419 1483 602 1564 Orgetorigis
625 1483 713 1547 filiam
736 1487 767 1545 in
792 1486 1013 1545 matrimonium
1036 1485 1173 1566 drrxerat,
1196 1493 1228 1545 et

59 1570 219 1650 c'upiditato
242 1576 327 1652 regni
350 1573 495 1634 adductus
519 1575 602 1636 novis
629 1573 719 1634 rebus
752 1572 889 1635 studebat
912 1580 943 1635 et
974 1573 1226 1653 quamplurimas
1271 1583 1274 1599 '

59 1661 191 1721 civitates
216 1679 269 1721 suo
293 1662 437 1723 beneficio
460 1661 569 1722 habere
593 1660 750 1723 obstrictas
778 1661 901 1723 volebat.
947 1661 1049 1740 ltaque
1075 1679 1139 1722 rem
1163 1673 1263 1722 sus-4

60 1750 131 1827 cipit
167 1758 197 1809 et
227 1767 242 1808 a
273 1748 417 1830 Sequanis
451 1752 601 1830 impetrat,
636 1758 670 1811 ut
702 1770 756 1831 per
788 1752 862 1812 fines
898 1768 968 1810 suos
1000 1748 1149 1811 Helvetios
1183 1753 1227 1811 ire

58 1840 221 1918 patiantur,
253 1837 431 1918 obsidesque
460 1841 503 1899 uti
530 1841 608 1899 inter
642 1858 707 1900 sese
735 1840 822 1920 dent,
853 1839 982 1919 perlicit:
1016 1838 1158 1919 Sequani,
1190 1854 1227 1899 nc

58 1927 166 1986 itinere
190 1924 338 1988 Helvetios
364 1926 552 2008 prohibeant3
581 1926 720 2009 Helvetii,
748 1937 781 1989 ut
806 1931 869 1988 sine
896 1926 1038 1987 malelicio
1065 1936 1094 1987 et
1121 1929 1228 1987 iniuria

59 2023 219 2074 transeant.
380 2022 384 2032 ‘

58 2205 182 2271 nabut‘,
201 2203 320 2258 sondern
338 2204 409 2258 auch
429 2204 532 2257 andere
548 2220 616 2258 wer·
669 2202 917 2274 vorhergehenden
934 2201 1000 2273 Cap.
1015 2202 1085 2257 wird
1103 2201 1228 2257 deutlich

59 2275 114 2328 den
136 2274 233 2342 hbufig
255 2274 341 2327 durch
364 2274 551 2329 Relativahtze
576 2275 616 2328 im
671 2274 758 2328 durch
776 2273 975 2344 Hinzufdgung
998 2289 1053 2328 von
1072 2274 1175 2341 „elao“.
1193 2301 1229 2313 -

59 2345 121 2401 Lat.
140 2343 346 2410 umachriebeu3
365 2345 421 2414 vgl.
442 2362 464 2400 c.
482 2351 514 2399 10
533 2361 617 2415 quam
670 2362 747 2399 una:
765 2363 818 2399 nur
831 2346 881 2400 der
898 2345 972 2413 eine3
991 2345 1143 2400 dieaWort
1156 2346 1228 2413 (nur)

58 2416 176 2484 iecerat,
205 2422 234 2483 3,
263 2420 294 2470 17
323 2432 386 2470 cum
413 2416 448 2472 iia
472 2415 559 2487 copiis
583 2448 616 2456 -
670 2415 741 2470 wird
768 2417 859 2471 neben
886 2434 958 2472 unus
985 2417 1043 2470 und
1069 2415 1228 2484 uberhaupt

60 2504 129 2556 quas
157 2485 313 2541 accesere
342 2490 501 2558 acceperat,
531 2494 559 2556 1,
583 2494 618 2542 24
670 2487 717 2541 bei
735 2487 939 2557 Zahlbegriffen
957 2504 983 2541 u.
1002 2486 1171 2541 Pronomiua
1188 2486 1228 2540 im

60 2575 129 2626 quas
159 2587 192 2599 -
224 2557 442 2628 conscripserat,
469 2565 503 2614 28
530 2559 618 2613 vicoa-
671 2558 732 2612 Lat.
752 2557 782 2612 in
805 2559 854 2613 der
872 2559 960 2630 Regel
977 2557 1057 2612 nicht
1078 2557 1228 2612 besondera

61 2647 127 2698 que,
151 2646 220 2698 quos
243 2627 435 2697 incenderant,
459 2636 494 2684 34
518 2629 617 2696 Gellia,
672 2629 868 2699 ausgedrdclrt.
905 2629 1084 2699 Vgl.e‚1‘1:
1112 2627 1230 2682 Sabinus

61 2718 146 2770 quam
173 2700 248 2755 bello
275 2700 401 2769 vicisset,
430 2707 465 2755 40
492 2719 557 2755 usus
585 2717 619 2755 ac
671 2700 773 2755 idoneo
792 2700 919 2755 omnibus
942 2699 1025 2753 rebus
1047 2699 1110 2753 loco
1131 2697 1229 2752 cestria

61 2771 224 2842 disciplina,
265 2786 336 2840 quae
368 2788 385 2826 a
423 2772 503 2826 nobis
541 2788 618 2826 acce·
673 2787 732 2824 aeae
749 2771 877 2836 tenebat,
897 2787 961 2824 cum
973 2769 1119 2824 Viridovix
1133 2770 1231 2823 eontra

59 2843 171 2912 placent.
199 2873 231 2882 -
263 2858 354 2896 mora
385 2845 419 2897 et
451 2842 617 2911 exemplo:
673 2858 736 2895 eum
754 2841 840 2895 duum
858 2840 967 2894 milium
986 2840 1076 2909 spatio
1091 2838 1229 2894 consedis-

59 2914 129 2968 iiber
162 2912 209 2966 die
235 2912 401 2981 Bedeutung
428 2912 477 2967 des
503 2914 567 2967 Abl.
597 2929 617 2968 s.
673 2911 997 2980 set34,12u.oft.—-
1020 2910 1228 2980 perSeque-

60 3001 83 3039 c.
116 2991 133 3036 4
176 3001 210 3036 zu
250 2981 391 3049 moribua3
435 2983 617 3053 exemplo:
673 2989 919 3037 nos:s.c.1au
937 2981 1230 3051 Belgae-hauc

60 3055 110 3108 dae
140 3054 190 3107 das
215 3053 354 3108 rdmiache
380 3053 455 3108 Volh
487 3052 517 3107 in
549 3055 617 3107 ithu-
672 3055 808 3123 sponte:
832 3053 882 3108 auf
902 3052 1001 3136 eigana
1019 3052 1109 3107 Haud.
1134 3081 1166 3091 -
1191 3068 1230 3106 eo

59 3124 152 3178 lichen
183 3123 281 3178 Pallen
312 3125 447 3195 gegeben.
476 3155 509 3164 -
537 3124 616 3178 ulli:
671 3125 895 3194 deprecatore
923 3124 987 3178 srnd
1009 3124 1102 3178 Ablat.
1127 3122 1230 3178 absol:

61 3194 144 3250 echte
157 3195 208 3249 aui
223 3193 278 3249 den
296 3196 418 3250 saltuem
437 3194 618 3250 substantivi·
671 3195 759 3250 durch
791 3196 890 3250 descen
920 3194 1101 3264 Piiraprache.
1135 3224 1168 3234 α
1204 3199 1228 3248 3.

61 3267 144 3320 achon
173 3265 320 3320 Gebrauch
351 3266 401 3320 das
433 3265 531 3325 Datim
563 3282 617 3321 von
672 3266 788 3335 gretia
827 3265 1017 3337 (Beliebtheit)
1052 3267 1086 3320 et
1122 3263 1228 3334 largi·

60 3336 618 3406 allua-prohibiturumzerwerde
671 3337 778 3392 tione:
805 3357 826 3392 a.
850 3353 872 3394 o.
897 3344 912 3390 2
939 3356 973 3391 zu
998 3335 1114 3392 civitati.
1135 3366 1167 3379 -
1192 3351 1230 3390 ea

61 3425 90 3463 es
97 3407 303 3463 zoverhindern
309 3407 479 3463 wissenedas
487 3408 618 3463 deutsche
672 3407 818 3463 civitate
833 3433 867 3454 ==
882 3423 990 3476 eorum,
1005 3408 1058 3462 wie
1072 3424 1095 3462 c.
1111 3413 1229 3476 requae

63 3477 618 3605 odiitlltttltifdittltttd
673 3477 1230 3620 curiomonaster

63 3622 135 3675 setzt
158 3619 277 3675 bleiben.
304 3651 338 3660 —-
364 3627 388 3675 4.
412 3620 619 3676 Helvetii-
673 3619 791 3676 sti-ahira
816 3639 842 3675 u.
866 3621 997 3688 relativa,
1023 3620 1069 3675 die
1096 3618 1135 3674 im
1161 3619 1229 3673 Gen.

63 3690 275 3745 destiterunt
298 3692 371 3746 nach
393 3691 496 3746 deiecti
521 3691 619 3746 ordne:
673 3691 771 3746 steheu
789 3693 903 3759 sollten,
927 3691 969 3746 ala
988 3691 1115 3746 Attribut
1132 3690 1185 3743 mit
1203 3689 1229 3743 d.

64 3762 157 3817 conati
189 3760 268 3831 (wira
299 3762 464 3845 Hauptaatu)
501 3761 619 3817 navibus
674 3760 767 3816 Subst.
794 3780 828 3816 zu
854 3761 1020 3830 verbinden,
1047 3781 1069 3817 a.
1089 3762 1119 3815 B.
1148 3777 1170 3815 c.
1194 3765 1228 3813 31

62 3833 166 3888 iunctis
180 3863 214 3873 -
232 3832 314 3888 factm
338 3833 387 3888 ahi
411 3833 514 3902 (einige
537 3832 619 3901 auch)
672 3833 745 3887 hanc
759 3834 805 3901 (=
819 3834 928 3903 horum)
943 3831 1179 3889 cousuetudinem.
1196 3857 1230 3869 -
1281 3874 1284 3879 .

63 3905 126 3959 vad.
145 3904 213 3974 ah,
237 3921 293 3973 qua
316 3904 375 3974 (da,
395 3906 449 3973 wo)
472 3933 508 3944 —
526 3905 619 3971 noctu,
673 3903 860 3959 adductus:
893 3923 914 3959 s.
938 3921 961 3959 c.
986 3910 1002 3957 2
1030 3921 1064 3957 zu
1090 3901 1229 3956 inductus.

64 3976 88 4029 si
111 3976 168 4044 (ob)
191 3978 317 4045 possent,
342 3975 509 4031 destiterunt
534 3976 618 4044 (stan
674 4005 707 4014 -
726 3974 909 4030 beneficio:
935 3971 1125 4042 Gefblligkeit.
1145 4003 1178 4013 —
1204 3977 1229 4026 4.

64 4046 117 4100 den
147 4047 183 4101 ab
208 4049 273 4117 von)
301 4047 355 4102 hoc
383 4048 497 4116 conatu,
529 4044 620 4115 operis
674 4045 766 4099 inter
798 4063 870 4101 sese
910 4045 1002 4100 dant:
1043 4061 1064 4098 a.
1096 4060 1119 4097 c.
1148 4050 1163 4097 3
1196 4061 1231 4096 zu

64 4115 216 4171 munitione
249 4117 285 4185 (d.
312 4117 330 4173 i.
363 4134 441 4172 muro
474 4120 504 4172 et
534 4116 619 4184 fossa)
673 4115 746 4171 inter
787 4133 846 4172 sese
883 4116 959 4170 dant
1006 4114 1046 4168 Zu
1082 4113 1231 4183 Sequani

63 4205 184 4244 u.s.ar.
673 4188 731 4242 und
771 4189 847 4243 dann
882 4185 1034 4240 Helvetii
1078 4185 1116 4241 ist
1148 4184 1230 4239 Prad.

540 4269 541 4273 ’
674 4257 786 4313 obsides
816 4259 891 4313 daut.
921 4288 954 4296 —
993 4257 1065 4312 sine
1098 4254 1229 4312 maleit.

100 4329 165 4401 Cap.
181 4337 206 4384 9.
226 4334 250 4383 1.
265 4329 550 4397 Relinquebatur:
570 4329 620 4384 das
674 4328 726 4383 cio
755 4331 787 4384 et
812 4327 954 4383 iniuria:
987 4346 1008 4383 a.
1027 4334 1085 4383 cl
1110 4347 1148 4382 uu
1166 4327 1231 4381 deu·

64 4400 237 4455 Verbaltnios
261 4399 350 4455 dieses
376 4399 471 4457 Satzaa
497 4419 531 4456 zu
556 4401 622 4459 dem
677 4399 777 4458 selben
790 4399 925 4457 Warteu.
