2804 4778
484 215 551 297 nin.
572 239 604 295 V.
634 239 711 296 CAP.
731 246 844 297 ss-as.
1185 242 1249 306 155

55 402 202 481 ¹habebat
226 412 255 464 et
278 407 443 482 primorum
466 405 604 465 ordinum
628 407 818 466 centuriones
842 425 873 466 se
899 410 983 485 sequi
1007 407 1089 468 iubet
1113 417 1155 488 et,
1179 427 1248 469 cum

66 496 198 577 propius
229 492 429 571 Ambiorigem
461 496 649 574 accessisset,
679 496 778 553 iussus
810 513 889 555 arma
920 495 1037 556 abicere
1069 498 1247 574 imperatum

60 582 146 658 ¹iacit
169 583 300 661 suisque,
324 590 358 641 ut
380 581 458 641 idem
482 582 599 661 saciant,
623 584 756 660 imperat.
798 582 930 663 Interim,
954 584 1023 644 dum
1043 584 1080 643 de
1100 586 1282 645 condicio-2

14 711 15 714 κ
75 668 163 730 nibus
187 671 265 728 inter
289 687 320 728 se
344 678 435 748 agunt
458 669 631 748 longiorque
656 669 791 730 consulto
817 670 853 730 ab
881 671 1050 750 Ambiorige
1081 675 1248 733 instituitur

74 765 188 835 sermo,
218 756 359 835 paulatim
391 761 610 818 circumventus
640 759 826 818 interficitur.
873 759 949 819 Tum
979 779 1049 820 vero
1080 779 1134 820 suo
1166 772 1282 820 more3

45 862 47 866 ·
74 847 229 905 victoriam
253 845 436 913 conclimant
461 855 548 924 atque
573 845 717 906 ululatum
739 846 848 906 tollunt
879 849 1051 926 impetuque
1074 851 1104 907 in
1128 857 1247 908 nostros

74 935 152 993 lecto
172 933 292 993 ordines
310 933 495 1012 perturbant.
531 933 576 993 lbi
595 933 705 994 Lucius
725 934 808 994 Cotta
827 953 962 1014 pugnans
981 938 1159 996 interficitur
1179 956 1246 996 cum
1265 948 1283 994 4

75 1024 201 1082 maxima
224 1031 307 1100 parte
331 1022 466 1082 militnm.
506 1021 625 1100 Reliqui
648 1041 679 1081 se
702 1024 734 1081 in
757 1029 853 1082 castra
872 1026 1037 1104 recipiunt,
1061 1024 1139 1084 unde
1163 1035 1248 1084 erant
1267 1037 1282 1083 5

74 1106 198 1188 egressi.
244 1109 288 1168 Er
312 1110 420 1188 quibus
442 1109 553 1170 Lucius
576 1110 760 1170 Petrosidius
783 1112 929 1191 aquilifer,
953 1129 1020 1172 cum
1035 1131 1148 1190 magna
1172 1113 1245 1172 mul-

75 1198 201 1258 titudine
223 1197 352 1258 bostium
371 1208 568 1278 premeretur,
588 1198 713 1276 aquilam
734 1200 811 1258 intra
829 1199 937 1259 vallum
955 1202 1089 1280 proiecit,
1108 1203 1172 1279 ipse
1192 1219 1246 1279 pro

75 1289 180 1346 castris
203 1287 364 1346 fortissime
388 1305 523 1365 pugnans
547 1287 702 1347 occiditur.
748 1286 792 1345 llli
816 1305 903 1365 aegre
933 1288 968 1347 ad
992 1297 1110 1348 noctem
1135 1301 1282 1368 oppug-tt

75 1377 226 1434 nationem
250 1377 411 1454 sustinent3
437 1385 525 1435 noctu
545 1374 581 1435 ad
605 1393 698 1436 unum
721 1392 824 1434 omues
843 1376 999 1454 desperata
1023 1376 1117 1437 salute
1137 1395 1168 1436 se
1189 1379 1248 1455 ipsi

73 1463 265 1523 interficiunt.
311 1463 402 1523 Pauci
429 1482 464 1523 ex
487 1463 601 1543 proelio
631 1463 722 1542 elapsi
749 1465 871 1523 incertis
902 1464 1060 1525 itineribus
1084 1484 1137 1544 per
1161 1465 1282 1524 silvast

59 1551 110 1620 ‚ad
134 1551 234 1610 Titum
258 1550 421 1611 Labienum
443 1551 572 1630 legatum
601 1554 632 1611 in
656 1551 779 1611 hiberna
805 1555 983 1630 perveniunt
1006 1562 1095 1631 atque
1119 1571 1188 1612 eum
1211 1553 1247 1612 de

75 1639 166 1699 rebus
190 1641 281 1716 gestis
305 1644 465 1700 certiorem
488 1642 608 1701 iaciunt.

166 1724 218 1788 38.
241 1727 302 1787 Hac
331 1731 455 1788 victoria
482 1728 616 1789 sublatus
645 1727 796 1788 Ambiorix
827 1730 926 1788 statim
955 1748 1023 1788 cum
1052 1731 1186 1806 equitatu
1216 1731 1247 1788 in

75 1815 255 1894 Aduatucos,
279 1818 330 1893 qui
354 1824 438 1876 erant
462 1819 526 1876 eius
549 1835 641 1895 regno
665 1818 801 1895 tinitumi,
821 1818 1034 1895 proficiscitur3
1057 1835 1154 1894 neque
1179 1836 1247 1877 noc-

74 1914 135 1964 tem
158 1921 254 1981 neque
279 1903 362 1963 diem.
379 1906 549 1964 intermittit
578 1903 800 1982 peditatumque
830 1903 972 1981 subsequi
995 1903 1086 1963 iubet.
1128 1904 1171 1963 Re
1195 1904 1282 1964 den

74 2000 236 2051 monstrata
259 1990 479 2070 Aduatucisque
508 1993 663 2051 concitatis
690 1999 810 2069 postero
835 1990 881 2050 die
909 1994 940 2050 in
963 1991 1087 2050 Nervios
1111 1993 1246 2068 pervenit

74 2079 284 2157 hortaturque,
312 2098 349 2138 ne
378 2081 424 2139 sui
453 2081 484 2138 in
508 2089 686 2158 perpetuum
716 2077 861 2138 liberandi
891 2089 978 2156 atque
1003 2078 1165 2138 ulciscendi
1189 2078 1246 2138 Ro-

74 2185 177 2226 manos
200 2185 254 2244 pro
273 2169 319 2246 iis,
342 2185 415 2244 quas
434 2170 612 2246 acceperint,
631 2168 748 2226 iniuriis
767 2169 952 2227 occasionem
972 2167 1135 2226 dimittant:
1154 2169 1244 2226 inter·
1265 2180 1281 2225 3

112 2405 179 2475 Cup.
199 2411 242 2461 37.
262 2411 285 2460 1.
305 2405 447 2474 propius
466 2405 634 2459 Ambiori·
687 2422 716 2459 se
751 2405 905 2461 interficere
941 2407 1077 2462 niemals:
1115 2424 1144 2461 se
1185 2407 1247 2476 ipse

72 2493 148 2544 gem
167 2476 385 2530 accessisset:
404 2476 527 2545 Beispiel
543 2477 633 2543 dultin,

73 2549 138 2602 dass
156 2547 271 2616 propius
289 2549 362 2600 uuch
379 2548 432 2600 mit
450 2548 514 2600 dem
533 2548 632 2600 Aecus.

75 2619 126 2672 der
143 2619 249 2672 Person
272 2618 434 2673 verbunden
453 2618 531 2671 wind.
569 2618 631 2686 Vgl.

686 2476 779 2531 interf.
798 2495 850 2530 nur
869 2480 967 2531 selben.
995 2477 1060 2548 Vgl.
1081 2484 1105 2546 1,
1124 2484 1141 2531 4
1159 2479 1246 2532 Eudo.

704 2583 750 2638 IV.
776 2583 952 2653 Belngerung
971 2584 1028 2637 und
1046 2584 1162 2637 Entsntz
1181 2584 1229 2637 des

73 2697 98 2761 t,
123 2695 156 2742 20
183 2689 257 2757 quod
280 2691 373 2742 castra
394 2689 509 2757 propius
531 2689 632 2741 Roma

72 2776 122 2814 nos
140 2759 275 2814 movisset
292 2777 319 2814 u.
335 2764 360 2825 8,
374 2765 421 2813 36:
441 2776 504 2812 cum
518 2759 632 2827 propius

73 2831 169 2884 hostes
188 2830 359 2884 accessisset.
384 2861 416 2868 —
445 2846 537 2883 arma
560 2829 632 2882 ubi·

72 2917 161 2954 cerez
188 2900 270 2953 duftir
297 2905 322 2968 4,
351 2905 384 2953 37
413 2916 493 2953 armo,
516 2915 632 2967 ponere3

72 2973 163 3025 fernen
180 2971 268 3040 vergl.
288 2975 314 3037 ὅ,
334 2976 367 3023 41
387 2971 422 3023 ub
441 2969 526 3022 urinis
545 2969 633 3023 disce-

72 3043 150 3107 dere;
174 3057 240 3094 man
260 3041 385 3094 erinnere
410 3040 470 3094 sich
489 3040 562 3093 anch
585 3056 633 3092 un-

73 3113 152 3166 derer
170 3112 223 3165 mit
241 3128 319 3164 numa
338 3110 493 3179 gebildeter
513 3110 634 3163 Redens-

73 3186 161 3238 arten.
181 3212 214 3220 —
239 3182 456 3250 imperatum:
481 3181 531 3233 nui
546 3180 633 3249 impe·

72 3255 166 3307 ratum
193 3253 261 3306 litsst
288 3252 348 3305 sich
376 3252 426 3305 das
452 3258 480 3318 2,
507 3257 571 3316 1,2
600 3269 635 3304 nu

72 3322 237 3378 coniurandi
276 3323 425 3377 Bemerkte
466 3322 632 3388 anuendem

72 3395 147 3448 denn
166 3412 213 3447 zur
228 3394 341 3449 Uebers.
356 3393 405 3446 des
418 3393 531 3448 Wortes
544 3392 634 3446 reieht

73 3466 139 3587 „ps‘
166 3464 442 3588 vqllkomrqenkpus.
489 3463 569 3544 Auch
596 3465 636 3585 utf

72 3553 82 3587 1
112 3551 162 3588 om
211 3551 310 3588 aciun
398 3550 470 3587 nnen
502 3551 553 3586 wir
585 3550 621 3587 an

72 3605 189 3658 ktirzere
216 3604 311 3659 Weise
342 3605 514 3659 ubersetzen.
545 3634 576 3643 -
606 3609 630 3656 2.

71 3674 225 3744 longior:
253 3674 296 3728 als
324 3690 353 3727 es
375 3677 453 3728 sonst
476 3674 633 3742 geschehen

72 3745 132 3800 sein
155 3744 262 3811 winde,
285 3761 366 3798 wenn
384 3744 530 3798 Ambiorix
553 3744 633 3798 nicht

72 3815 134 3870 eine
175 3814 328 3869 besondere
367 3815 486 3868 Absicht
527 3814 633 3884 gehabt

70 3887 160 3941 hatte.
181 3916 214 3925 -
234 3893 258 3940 3.
278 3901 338 3939 suo
355 3901 462 3939 more:
481 3885 568 3954 vergi.
583 3885 633 3940 dus

74 3965 99 4024 6,
119 3962 153 4011 nt
173 3956 329 4011 Bemerkte.
349 3987 382 3996 -
402 3956 631 4020 conclamant:

71 4027 200 4082 iibersieh
228 4027 307 4081 nicht
334 4029 428 4094 „oon“.
456 4057 492 4066 -
520 4033 545 4082 6.
572 4026 633 4083 Illi

72 4099 136 4152 sind
154 4098 200 4152 die
219 4098 290 4152 oben
309 4097 362 4151 mit
383 4097 485 4165 reliqui
503 4097 632 4152 Bezeich-
657 4108 660 4113 ’

71 4174 162 4223 neten.
183 4198 216 4210 —-
236 4169 277 4222 ud
301 4186 401 4222 unum
420 4184 532 4222 omnes
551 4169 589 4222 ist
607 4175 632 4234 4,

73 4244 106 4293 15
138 4239 252 4294 erkltrt.
285 4269 319 4278 -
361 4255 394 4292 se
426 4239 494 4308 ipsi
523 4239 632 4292 inter·

71 4308 211 4364 ficiunt:
230 4310 275 4363 fiir
289 4309 368 4378 „sich
385 4308 500 4363 tonum
518 4310 569 4363 hat
587 4309 632 4362 die

71 4379 220 4435 classische
249 4381 371 4450 Sprache
399 4380 453 4434 den
482 4379 632 4434 Ausdruck

847 2654 965 2718 Quintus
982 2653 1086 2708 Cicero.

873 2740 913 2809 (C.
934 2745 1059 2809 38-52.)

723 2828 789 2895 Cap.
823 2833 866 2881 38.
904 2834 929 2882 1.
967 2844 1075 2896 neque
1112 2831 1246 2884 noctem

686 2914 795 2967 neque
828 2899 916 2952 diem
947 2898 1166 2954 intermittit:
1195 2900 1247 2953 wir

688 2971 779 3022 setzen
807 2969 1014 3036 gewdhnlicher
1040 2969 1086 3023 die
1112 2969 1246 3023 Substan-

688 3039 749 3091 tivu
766 3038 795 3091 in
813 3040 1013 3108 umgekebrter
1032 3039 1179 3109 0rdnung,
1198 3041 1247 3094 der

688 3110 790 3162 Ro'mer
808 3110 859 3163 hat
876 3110 957 3164 beide
977 3110 1078 3177 Artem
1097 3111 1154 3179 vgl.
1174 3129 1195 3166 z.
1214 3111 1245 3163 Β.

690 3186 714 3244 7,
734 3185 749 3232 9
773 3196 864 3248 neque
884 3181 982 3235 diurno
1000 3197 1091 3249 neque
1109 3184 1246 3235 nocturno

689 3250 789 3304 itinere
803 3251 961 3306 intermisso
975 3252 1033 3305 und
1052 3268 1075 3307 o.
1087 3257 1120 3305 22
1139 3251 1246 3306 diurnis

688 3321 885 3389 nocturnisque
913 3322 1119 3392 eruptionibus,
1148 3328 1181 3376 42
1205 3338 1246 3376 re-

686 3393 843 3460 pugnantes
877 3392 952 3446 diem
979 3396 1145 3461 noctemque
1173 3391 1245 3447 obsi-

687 3462 762 3515 dent.
780 3463 848 3516 Hier
863 3464 932 3532 geht
944 3466 1055 3517 noctem
1070 3480 1167 3528 noran,
1182 3463 1247 3517 weil

686 3533 739 3586 mit
757 3533 808 3586 der
822 3534 914 3587 Nucht
928 3535 977 3588 der
990 3534 1102 3588 Marsch
1120 3534 1245 3603 beginnt.

685 3603 781 3672 Vergl.
801 3622 833 3657 zu
853 3610 878 3671 1,
892 3609 934 3658 38.
949 3635 985 3644 -
1003 3605 1182 3673 subsequi:
1201 3604 1246 3657 die

686 3675 731 3728 W.
742 3676 773 3728 A.
791 3690 851 3728 sese
869 3674 1010 3742 subsequi.
1026 3706 1058 3714 -
1075 3681 1099 3729 2.
1118 3675 1176 3728 Re:
1197 3674 1246 3727 dns

687 3744 879 3814 Gesclrehene,
896 3745 1101 3813 Vorgefellene.
1116 3775 1150 3784 -
1168 3746 1245 3796 hor-

686 3817 862 3883 taturque:
891 3816 995 3870 wieder
1021 3815 1061 3868 im
1088 3813 1247 3868 Deutschen

687 3886 736 3940 das
759 3884 875 3955 object
911 3885 1133 3954 hinnuznfiigem
1171 3884 1247 3938 diese

687 3957 977 4025 Eigenthiimliohkeit
1019 3956 1069 4009 der
1109 3953 1247 4008 Griechen

686 4027 745 4080 und
776 4028 891 4095 Rbmer,
924 4027 1042 4079 manche
1073 4024 1167 4078 Verba
1199 4025 1245 4079 ob-

684 4097 786 4166 jectlos
817 4116 851 4150 zu
878 4097 1069 4166 gebrauoben,
1096 4095 1134 4148 ist
1162 4095 1247 4149 litters

686 4169 820 4222 erwiihnt.
849 4199 883 4208 -
912 4166 965 4220 sui
991 4197 1027 4205 -
1053 4165 1245 4220 liberandis

686 4237 730 4290 fiir
748 4238 853 4292 welche
871 4237 960 4307 Regel
982 4236 1027 4291 ein
1045 4236 1187 4306 Beispiel?
1214 4267 1246 4277 -

686 4309 721 4360 in
752 4311 970 4376 perpetuumz
1002 4307 1048 4361 fiir
1075 4307 1181 4362 immer.
1209 4337 1243 4347 -

686 4378 745 4447 iis,
768 4395 852 4447 quus
869 4379 1079 4448 susceperint
1095 4379 1163 4430 tius.
1180 4377 1265 4427 uses.
