2804 4778
167 227 237 292 274
497 300 501 304 ¹
574 227 624 309 pn
642 223 762 282 annuo
782 224 940 281 omniuo

164 394 320 475 equitibus
342 402 473 475 venerat,
496 395 548 472 qui
571 394 689 453 tametsi
708 410 833 453 numero
852 410 913 453 non
932 391 1057 472 amplius
1076 400 1163 454 erant
1181 396 1360 479 quingenti,

167 494 266 546 tamen
290 483 507 544 Germanorum
530 482 658 543 adventu
681 480 800 542 barbari
823 479 1003 543 nitebantur.

259 570 308 633 11.
333 571 450 653 Caesar,
473 589 542 631 curn
561 570 809 631 animadverteret
826 569 944 630 hostem
963 568 1132 648 complures
1154 570 1220 632 dies
1238 575 1358 634 castris

166 661 273 741 palude
302 669 333 720 et
359 659 417 720 loci
445 669 551 720 natura
578 660 701 719 munitis
729 676 761 718 se
789 665 893 718 tenere
922 659 1019 736 neque
1050 661 1217 738 oppugnari
1249 670 1353 722 castra

168 767 274 810 eorum
303 751 367 808 sine
397 747 585 808 dimicatione
613 748 781 826 perniciosa
804 765 860 807 nec
883 745 982 807 locum
1006 747 1223 809 munitionibus
1247 749 1352 811 claudi

167 841 226 900 nisi
249 857 265 897 a
288 838 401 897 maiore
421 837 555 897 exercitu
574 853 672 915 posse,
695 834 809 896 litteras
828 835 864 896 ad
878 834 1063 897 Trebonium
1081 838 1181 919 mittit,
1204 843 1238 898 ut
1258 856 1357 917 quam

167 926 324 988 celerrime
354 933 457 1004 posset
486 924 634 1003 legionem
663 923 754 1004 Xlll.,
784 941 861 1002 quae
890 941 959 985 cum
987 924 1019 984 T.
1050 924 1152 985 Sextio
1185 925 1284 1005 legato
1318 929 1354 988 in

167 1013 351 1093 Biturigibus
370 1013 527 1095 hiemabat,
546 1019 714 1073 arcesseret
731 1020 819 1092 atque
839 1014 880 1073 ita
899 1030 968 1074 cum
986 1010 1027 1072 lll
1045 1012 1213 1092 legionibus
1230 1018 1353 1094 magnis

133 1113 149 1163 2
168 1103 327 1165 itineribus
351 1101 387 1162 ad
411 1119 443 1162 se
465 1103 594 1181 veniret3
618 1104 682 1181 ipse
706 1102 823 1179 equites
845 1102 876 1162 in
899 1100 995 1161 viceiu
1009 1100 1173 1162 Remorum
1191 1120 1225 1163 ae
1239 1101 1351 1184 Lingo-

168 1211 241 1255 num
264 1191 507 1270 reliquarnmque
531 1191 692 1271 civitatum,
715 1207 844 1267 quorum
866 1207 1007 1268 magnum
1024 1184 1184 1250 numerum
1208 1209 1351 1254 evocave-

169 1290 224 1361 rat,
247 1278 395 1360 praesidio
418 1277 658 1359 pabulationibus
681 1279 781 1354 mittit,
805 1279 857 1356 qui
877 1276 990 1339 subitas
1008 1277 1139 1340 bostium
1157 1280 1368 1349 incursiones,

172 1371 364 1431 sustinerent.

263 1454 311 1518 12.
350 1455 435 1526 Quod
464 1472 532 1516 cum
560 1455 668 1516 cotidie
695 1455 782 1514 fieret
811 1472 846 1516 ac
872 1457 931 1515 iani
955 1455 1171 1517 consuetudine
1182 1456 1352 1537 ‘diligentia

171 1548 384 1627 urinueretur,
399 1545 479 1625 quod
501 1543 678 1623 plerumque
702 1543 808 1604 accidit
832 1542 1041 1625 diuturnitate,
1063 1543 1211 1605 Bellovaci
1233 1545 1351 1608 delecta

172 1653 262 1695 manu
289 1634 423 1713 peditum
452 1634 580 1712 cognitis
611 1630 787 1692 stationibus
819 1631 975 1693 cotidianis
1008 1634 1142 1711 equitum
1174 1641 1349 1696 nostrorum

137 1733 153 1782 2
173 1722 360 1783 silvestribus
387 1722 461 1783 locis
488 1720 612 1781 insidias
640 1721 802 1799 disponunt
827 1720 990 1800 eodemque
1015 1724 1131 1800 equites
1153 1729 1276 1802 postero
1301 1724 1350 1785 die

172 1814 305 1894 mittunt,
328 1813 380 1891 qui
402 1813 532 1890 primum
555 1809 699 1870 elicerent
721 1817 849 1885 nostros,
873 1808 980 1870 deinde
1003 1811 1222 1871 circumventos
1246 1829 1350 1891 aggre-

137 1912 153 1960 3
173 1900 325 1961 darentur.
363 1899 454 1960 Cuius
473 1898 541 1959 mali
561 1915 627 1958 sors
649 1897 754 1958 incidit
776 1898 887 1980 Remis,
910 1896 1019 1977 quibus
1042 1897 1091 1960 ille
1115 1899 1179 1961 dies
1202 1901 1349 1980 iungendi

172 1991 306 2050 muneris
339 1988 507 2049 obvenerat.
561 1986 694 2065 Namque
727 1981 772 2069 bi,
809 2005 878 2048 cum
909 1994 1034 2066 repente
1065 1987 1198 2049 hostium
1230 1990 1350 2069 equites

173 2077 451 2138 animadvertissent
478 2094 513 2136 ac
539 2094 665 2137 numero
690 2079 862 2156 superiores
884 2078 1064 2155 paucitatem
1088 2079 1355 2161 contempsissent,

138 2165 313 2245 4cupidius
346 2167 474 2241 insecuti
501 2164 652 2245 peditibus
680 2164 812 2244 undique
840 2171 911 2226 suant
938 2163 1120 2225 circumdati.
1173 2165 1240 2236 Quo
1270 2166 1356 2227 lacto

174 2252 341 2334 perturbati
373 2253 513 2334 celerius,
551 2271 640 2333 quam
673 2254 859 2315 consuetudo
890 2254 951 2319 lert
983 2255 1132 2332 equestris
1162 2253 1284 2334 pmelii‚
1318 2273 1356 2316 se

174 2349 355 2420 receperunt
382 2345 490 2402 amisso
513 2341 662 2422 Vertisco,
690 2344 824 2423 principe
856 2343 998 2424 civitatis,
1025 2343 1176 2420 praelecto
1200 2346 1355 2426 equitum,

138 2433 227 2509 oqui
251 2448 319 2490 cum
342 2432 388 2489 vix
413 2448 489 2509 equo
512 2438 636 2510 propter
659 2437 785 2494 aetatem
808 2438 911 2510 posset
933 2432 987 2513 uti,
1009 2437 1109 2491 tamen
1132 2432 1354 2494 consuetudine

175 2518 326 2578 Gallorum
344 2537 442 2597 neque
461 2521 565 2580 aetatis
590 2522 780 2580 excusatione
802 2522 835 2580 in
858 2518 1047 2598 suscipienda
1068 2521 1258 2600 praefectura
1276 2540 1354 2583 usus

140 2616 240 2670 serat
270 2626 367 2687 neque
395 2607 530 2669 dimicari
557 2610 621 2668 sine
649 2626 682 2668 se
710 2607 851 2670 voluerat.
896 2607 1041 2669 lnllantur
1069 2615 1157 2687 atque
1185 2610 1354 2674 incitantur

175 2696 306 2757 hostium
339 2698 428 2757 animi
461 2698 592 2759 secundo
624 2696 752 2779 proelio,
783 2699 918 2776 principe
946 2703 976 2757 et
1007 2698 1158 2776 praelecto
1186 2698 1353 2761 Remorum

141 2786 348 2866 rinterlecto,
376 2788 530 2864 nostrique
558 2785 737 2846 detrimento
766 2787 964 2847 admonentur
992 2784 1162 2865 diligentius
1190 2786 1354 2866 exploratis

175 2874 249 2934 locis
273 2877 415 2935 stationes
439 2874 596 2954 disponere
621 2893 655 2935 ac
682 2875 864 2936 moderatius
896 2874 1053 2935 cedentem
1079 2876 1197 2953 insequi
1223 2874 1354 2937 bostem.

268 2960 318 3023 13.
354 2961 420 3022 Non
447 2964 650 3025 intermittunt
676 2966 797 3025 interim
825 2964 971 3025 cotidiana
994 2963 1108 3042 proelia
1130 2964 1162 3024 in
1185 2972 1353 3043 conspectu

176 3059 374 3130 utrorumque
397 3059 578 3132 castrorum,
605 3070 681 3132 quae
709 3052 746 3113 ad
769 3054 852 3125 vada
867 3054 1071 3130 transitusque
1095 3050 1205 3112 fiebant
1220 3051 1355 3132 paludis.

141 3139 242 3210 aQua
265 3142 455 3201 contentione
479 3140 632 3222 Germani,
659 3159 734 3220 quos
756 3151 917 3222 propterea
940 3140 1048 3202 Caesar
1077 3139 1251 3201 traduxerat
1273 3140 1353 3202 Rhe·

177 3245 263 3309 nnm,
286 3236 320 3288 ut
347 3227 499 3308 equitibus
525 3231 695 3309 interpositi
721 3230 956 3310 proeliarentur,
983 3247 1052 3290 cum
1076 3231 1262 3290 constantius
1285 3230 1352 3290 rmi-

177 3318 256 3376 versi
278 3315 416 3394 paludem
439 3318 619 3378 transissent
638 3321 801 3398 paucisque
824 3321 856 3380 in
879 3317 1046 3379 resistendo
1069 3317 1236 3378 intersectis
1259 3319 1355 3396 perti·

177 3406 281 3464 nacius
304 3402 449 3483 reliquam
472 3405 692 3467 multitudinem
716 3414 817 3468 essent
834 3409 972 3488 insecuti,
994 3407 1148 3485 perterriti
1170 3423 1231 3466 non
1255 3406 1355 3467 solum

141 3495 211 3573 aii,
244 3493 295 3571 qui
327 3500 378 3553 aut
409 3496 576 3556 comminus
608 3495 852 3574 opprimebantur
884 3502 936 3555 aut
963 3497 1079 3555 eminus
1110 3493 1357 3578 vulnerabantur,

179 3581 232 3642 sed
261 3583 363 3663 etiam,
391 3585 443 3660 qui
470 3582 588 3661 longius
615 3583 774 3645 subsidiari
801 3591 996 3665 consuerant,
1023 3584 1152 3663 turpiter
1175 3583 1356 3663 refugerunt
1383 3592 1385 3595 ’

215 3753 279 3823 Cap.
297 3759 339 3807 11.
364 3758 388 3807 1.
407 3769 520 3822 neque
534 3754 737 3824 oppugnari:
792 3785 826 3796 -
841 3761 865 3811 7.
880 3750 1357 3822 admonentur—disponere:

104 3874 107 3880 .
177 3828 246 3879 iiber
264 3840 355 3893 neque
372 3822 449 3879 siebe
469 3830 493 3891 1,
511 3829 555 3893 36,
569 3830 586 3878 5
600 3843 634 3878 zu
648 3842 738 3896 neque
792 3827 876 3882 echte
903 3827 954 3880 auf
978 3825 1025 3881 die
1048 3824 1204 3880 construet.
1228 3823 1278 3878 des
1306 3825 1358 3880 ad·

177 3895 222 3951 iis.
246 3926 280 3936 -
308 3895 486 3951 Remorum
513 3895 571 3949 und
598 3896 643 3951 die
669 3897 738 3967 folg.
792 3914 905 3953 monere
923 3896 977 3952 mit
994 3897 1059 3951 dem
1077 3895 1129 3950 Inf.

179 3965 310 4021 Geniiire
332 3968 409 4023 verb.
431 3967 485 4021 mit
506 3966 624 4036 equites.
646 3999 682 4009 -
703 3968 739 4023 in
829 3966 896 4037 Cap.
913 3973 954 4022 13.
974 3974 998 4022 1.
1016 3964 1259 4022 intermittunt
1276 3966 1357 4022 steht

178 4037 304 4092 vicem:
323 4039 528 4093 abwechselnd.
792 4038 964 4094 intransitio:
992 4038 1138 4093 aulhdreru
1162 4067 1197 4078 -
1220 4042 1244 4090 2.
1271 4053 1357 4105 quos

217 4106 283 4177 Cap.
301 4114 343 4166 12.
361 4116 386 4166 3.
401 4108 484 4164 moli
497 4127 581 4166 sorsz
601 4109 651 4164 das
665 4110 739 4165 Loos
794 4140 828 4150 -
847 4109 1011 4165 Rhenum:
1033 4106 1125 4165 wofdr
1146 4107 1193 4162 ein
1211 4104 1356 4177 Beispiel?

128 4186 133 4198 '
179 4195 235 4236 ron
258 4179 364 4233 diesem
387 4180 517 4251 Unglnck
542 4180 680 4237 bebroffen
705 4199 740 4236 zu
793 4211 828 4222 -
851 4187 876 4238 3.
901 4179 1040 4250 longius
1065 4176 1268 4234 subsidiari:
1296 4178 1358 4234 die·

179 4251 299 4304 werden.
326 4281 359 4291 -
385 4251 552 4334 fungendi
577 4252 738 4309 muueris:
791 4252 915 4323 jenigen,
940 4250 1048 4305 welche
1074 4249 1105 4304 in
1130 4247 1260 4303 walterer
1286 4247 1357 4305 Enb-

180 4320 288 4375 welcbe
300 4318 497 4378 Construcbon
510 4339 566 4378 von
578 4323 740 4393 fungimus
791 4323 911 4394 fernung
937 4338 1003 4379 vom
1029 4319 1242 4390 Knmpfplntuo.
1259 4319 1357 4391 anige-

173 4389 738 4451 derGebrauchdesGerundivsvoraus?
793 4395 884 4465 nielli,
912 4393 954 4450 als
981 4392 1101 4449 Reserre
1129 4389 1291 4462 (subsidiari
1319 4417 1354 4438 =
