2804 4778
157 215 221 280 198
560 215 609 271 Du
627 215 746 270 BELLO
766 215 922 270 CALLICO

156 382 231 443 vallo
254 382 412 443 tenderent
435 391 616 442 mercatores
639 381 802 461 recipiendi
826 383 873 442 sui
896 381 1066 443 facultatem
1089 400 1149 442 non
1176 380 1334 442 haherent.

122 485 138 532 3
157 471 347 550 Inopinantes
370 473 466 531 nostri
488 489 521 531 re
545 489 619 531 nova
641 469 869 550 perturbantur,
896 488 930 530 ac
953 473 1002 532 vix
1029 473 1162 550 primum
1187 473 1334 549 impetum

121 559 265 621 tcohors
294 562 325 620 in
358 562 483 620 statione
516 561 652 620 sustinet.
699 557 988 620 Circumfunduntur
1015 578 1051 619 ex
1083 559 1206 637 reliquis
1229 557 1334 620 hostes

122 647 305 728 epartibus,
338 650 364 707 si
391 666 483 727 quem
509 648 622 709 aditum
649 649 783 726 reperire
810 655 941 726 possent.
986 649 1082 727 Aegre
1111 657 1212 726 portas
1236 650 1334 709 nostri

156 744 293 816 tuentur,
322 736 453 814 reliquos
485 736 582 797 aditus
613 736 698 797 locus
729 738 792 815 ipse
824 755 880 815 per
910 754 942 795 se
976 738 1161 815 munitioque
1192 735 1335 797 defendit.

123 825 242 888 e'fotis
264 824 431 903 trepidatur
454 826 574 906 castris,
597 833 685 903 atque
709 824 783 885 alius
803 844 838 885 ex
858 825 913 884 alio
933 843 1052 886 causam
1071 824 1216 885 tumultus
1242 842 1332 904 quae·

157 916 209 994 rit;
241 932 340 992 neque
373 932 431 992 qno
463 915 545 992 signa
576 914 724 993 ferantur,
754 930 851 992 neque
882 931 971 992 quam
1000 915 1032 974 in
1061 922 1176 993 partem
1205 915 1334 992 quisque

124 1004 328 1083 tconveniat,
359 1002 525 1081 provident.
579 1002 662 1063 Alius
695 1009 792 1062 castra
824 1005 882 1062 iam
915 1010 999 1081 capta
1030 1003 1219 1081 pronuntiat,
1257 1002 1333 1062 alius

158 1090 256 1152 deleto
281 1093 415 1151 exercitu
438 1099 526 1169 atque
549 1093 729 1170 imperatore
752 1093 881 1151 victores
904 1089 1047 1151 barbaros
1070 1088 1186 1151 venisse
1211 1099 1334 1151 conten-

122 1179 214 1259 8dit3
243 1179 379 1258 plerique
409 1197 499 1239 novas
530 1178 587 1240 sibi
618 1198 654 1239 ex
683 1179 749 1239 loco
776 1179 936 1258 religiones
965 1179 1082 1258 fingunt
1111 1177 1274 1257 Cottaeque
1304 1189 1335 1239 et

158 1269 267 1329 Titurii
290 1267 497 1347 calamitatem,
527 1269 578 1347 qui
606 1270 637 1327 in
660 1269 765 1328 eodem
787 1268 951 1329 occiderint
983 1267 1116 1347 castello,
1140 1276 1208 1328 ante
1231 1267 1335 1329 oculos

122 1364 281 1435 eponunt.
327 1356 391 1416 'lali
418 1358 525 1416 timore
553 1355 692 1416 omnihus
718 1359 887 1435 perterritis
915 1357 1108 1417 confirmatur
1136 1358 1237 1435 opinio
1268 1355 1335 1416 bar·

107 1462 141 1509 10
160 1444 254 1526 haris,
277 1453 312 1506 ut
330 1463 366 1505 ex
386 1447 500 1524 captivo
520 1445 688 1524 audierant,
712 1444 826 1505 nullum
850 1463 916 1505 esse
939 1447 1020 1505 intus
1043 1444 1233 1525 praesidium.
1263 1444 1335 1506 Per·

159 1552 300 1614 rumpere
324 1537 461 1595 nituntur
485 1551 576 1612 seque
604 1535 661 1612 ipsi
685 1531 892 1613 adhortantur,
907 1551 959 1616 ⁸ne
983 1541 1094 1594 tantam
1123 1535 1275 1595 fortunam
1300 1551 1336 1594 ex

158 1622 295 1683 manibus
318 1623 476 1689 dimittant.

247 1707 298 1771 38.
329 1709 403 1770 Erat
426 1728 514 1788 aeger
536 1728 605 1770 cum
632 1708 782 1789 praesidio
806 1710 929 1771 relictus
951 1709 1076 1771 Publius
1100 1710 1219 1771 Sextius
1241 1709 1336 1771 Bacu-

157 1799 218 1880 lus,
249 1801 300 1877 qui
330 1801 461 1878 primum
491 1798 584 1877 pilum
614 1798 651 1858 ad
680 1797 836 1859 Caesarem
867 1799 1006 1878 drrxerat,
1039 1801 1124 1859 errius
1154 1800 1338 1859 mentionem

161 1886 367 1967 superioribus
389 1886 511 1966 proeliis
535 1887 674 1967 fecimus,
698 1905 731 1948 ao
754 1886 834 1947 diem
856 1889 915 1947 iam
939 1889 1076 1966 quintum
1099 1885 1166 1947 cibo
1189 1897 1337 1948 caruerat.

123 1976 216 2039 2Hic
240 1976 355 2037 diffisus
378 1994 449 2036 suae
472 1984 561 2054 atque
585 1977 718 2036 omnium
741 1975 829 2036 saluti
851 1978 974 2036 inermis
994 1993 1031 2036 ex
1053 1974 1245 2036 tabernaculo
1268 1994 1338 2054 pro·
1392 2011 1399 2022 ·

161 2065 218 2126 dit:
246 2064 325 2126 ridet
352 2067 507 2125 imminere
535 2065 636 2126 hostes
661 2073 749 2143 atque
777 2067 810 2125 in
833 2082 949 2125 summo
973 2082 1038 2124 esse
1062 2082 1127 2124 rem
1150 2062 1338 2125 discrimine:

125 2156 242 2233 acepit
273 2172 354 2214 arma
383 2171 400 2213 a
431 2155 575 2232 proximis
608 2161 696 2232 atque
728 2155 760 2214 in
789 2162 876 2231 porta
910 2154 1054 2213 consistit.
1106 2151 1340 2233 Consequnntnr

162 2242 243 2302 hunc
274 2243 464 2302 centuriones
488 2245 552 2303 eius
583 2241 729 2322 cohortis,
761 2259 837 2320 quae
867 2243 898 2302 in
911 2287 912 2290 ,
926 2244 1053 2302 statione
1077 2238 1154 2302 erat:
1185 2240 1340 2321 paulisper

127 2347 222 2395 tuna
240 2330 387 2409 proelium
406 2331 563 2390 sustinent.
592 2330 745 2409 Relinquit
761 2331 878 2391 animus
898 2329 1031 2391 Sextium
1050 2328 1189 2408 gravibus
1207 2332 1340 2409 acceptis

158 2535 278 2589 kanften
292 2551 328 2589 an
342 2535 383 2589 sie
397 2534 443 2589 die
457 2535 721 2604 nothigenLebens·
774 2536 859 2590 ratus.
883 2565 919 2574 -
941 2546 1040 2603 quam
1062 2533 1098 2587 in
1120 2537 1342 2604 pertentetur

158 2605 341 2661 bedtirfnisee.
379 2604 425 2660 Sia
443 2606 544 2661 hutten
563 2606 624 2660 ihre
644 2605 721 2660 Zelte
775 2622 819 2660 wo
829 2605 870 2659 sie
880 2605 940 2659 sich
950 2604 1086 2660 semmeln
1096 2606 1235 2660 sollen-
1246 2606 1342 2661 'hde-

160 2676 720 2746 ausserhalbdesLngers.-eubvallo:
775 2676 851 2731 leto
879 2676 1034 2731 exercitu
1062 2677 1165 2745 atque
1190 2676 1341 2747 impera-

159 2767 180 2804 ι.
199 2767 233 2803 zu
249 2754 273 2817 5,
289 2754 323 2803 5⁷
341 2767 376 2802 ru
394 2749 445 2803 rub
465 2748 570 2804 castris.
586 2779 621 2788 —
635 2748 722 2802 reoi-
775 2749 863 2802 tore:
883 2747 944 2801 eine
964 2747 1017 2802 Art
1035 2747 1170 2817 Zeugma,
1189 2748 1226 2802 dn
1244 2747 1341 2803 deleto

158 2819 278 2889 piendi
297 2820 349 2873 sui
365 2820 584 2874 facultatem:
599 2818 722 2888 Beispiel
775 2817 856 2872 mehr
876 2837 911 2872 zu
934 2818 1071 2885 exercitu,
1098 2818 1140 2872 ele
1162 2837 1197 2872 au
1219 2817 1341 2888 impera-

159 2890 616 2960 ftrwelchenSprnchgebreuch?
634 2890 721 2959 rergl.
775 2891 836 2943 tore
860 2892 951 2958 peset3
974 2889 1031 2959 vgl.
1055 2888 1125 2942 iiber
1146 2889 1197 2943 das
1216 2889 1343 2960 Zeugma

160 2968 186 3023 3,
205 2968 231 3029 4,
247 2970 270 3016 1.
288 2992 322 3001 -
341 2968 366 3016 3.
385 2961 444 3016 vix
462 2960 622 3030 primum:
640 2960 723 3015 heide
776 2964 806 3029 ὁ,
830 2965 865 3014 23
889 2978 923 3014 zu
945 2959 1162 3014 remitterentur.
1191 2991 1225 3000 —
1253 2965 1280 3014 8.
1302 2977 1342 3017 ex

160 3032 259 3088 Worte
275 3033 338 3087 sind
355 3050 390 3086 un
408 3032 542 3097 betonem
561 3048 627 3086 men
644 3031 722 3085 helte
776 3031 865 3086 loco:
894 3048 928 3085 ex
955 3029 1118 3086 bezeichnet
1148 3030 1202 3086 den
1230 3029 1341 3086 Grund:

160 3105 234 3158 nach
247 3105 295 3158 rix
309 3104 354 3158 ein
367 3103 461 3172 wenig
473 3102 547 3156 inne.
558 3133 591 3141 —
602 3103 723 3156 cohors
776 3118 875 3171 regen
898 3102 947 3155 des
967 3101 1039 3158 Orts.
1063 3131 1097 3141 -
1120 3101 1298 3170 plerique:
1321 3120 1341 3157 e.

160 3175 195 3227 in
218 3173 384 3229 statione:
412 3173 443 3227 in
466 3172 587 3228 statione
610 3172 724 3227 vertritt
777 3177 806 3238 5,
832 3178 878 3239 14,
902 3179 928 3226 2.
956 3203 990 3211 —
1023 3171 1226 3242 religiones:
1261 3173 1342 3227 aber·

162 3244 208 3298 ein
234 3244 415 3313 Adjectivum
442 3243 510 3298 oder
536 3243 610 3297 auch
642 3242 724 3296 einen
776 3241 953 3312 gitiubieche,
972 3243 1104 3298 eeltseme
1124 3242 1287 3298 Cedanken.
1307 3274 1341 3284 —

162 3314 367 3383 Adjectireeta;
386 3314 618 3369 nechletzterem
632 3313 723 3369 tibere.
778 3313 968 3383 Cottaeque
990 3344 1026 3354 -
1049 3313 1299 3369 calamitatem:
1319 3333 1341 3369 a.
1383 3350 1386 3356 ·

161 3384 257 3453 Vergl
276 3390 302 3450 4,
321 3391 355 3438 33
374 3402 408 3437 zu
427 3401 461 3438 ex
479 3383 583 3438 essedis
603 3400 723 3453 pugnae.
779 3401 800 3439 c.
821 3389 855 3438 32
874 3383 957 3438 Mitte
974 3385 1032 3438 und
1051 3390 1080 3454 5,
1099 3391 1143 3440 37.
1167 3414 1201 3424 —-
1224 3385 1284 3454 qui
1308 3416 1343 3425 -

163 3485 198 3495 -
213 3461 238 3509 4.
254 3453 584 3535 Circumfunduntur
597 3484 633 3494 -
647 3453 676 3508 ei
690 3484 723 3493 -
779 3454 985 3537 occiderint:
1004 3455 1100 3537 woher
1118 3455 1168 3510 der
1186 3454 1283 3523 nont?

163 3525 415 3677 attentat}
432 3525 726 3678 {tathtttttlt
779 3524 936 3652 esitii?
953 3525 1110 3666 &tta
1125 3525 1343 3653 {heaut

162 3667 212 3721 der
225 3666 291 3721 Setz
305 3683 351 3720 ern
364 3666 487 3735 Bersprel
502 3684 551 3720 zur
564 3667 655 3721 Lehre
669 3683 725 3722 von
779 3666 817 3722 ad
841 3666 1002 3733 Caesarem,
1026 3667 1074 3722 bei
1098 3667 1193 3736 casu,
1216 3669 1243 3722 d.
1267 3668 1286 3725 i.
1312 3668 1344 3723 in

163 3739 213 3792 der
240 3737 353 3793 Conseo.
380 3739 481 3806 temp.;
513 3737 605 3792 feruor
637 3737 725 3806 vergl.
781 3737 880 3793 Ctsars
893 3741 1005 3805 Armee;
1021 3738 1343 3808 qui-duxeretdbers.

163 3809 218 3863 mit
239 3809 262 3865 si
286 3826 371 3878 quem
393 3817 422 3876 1,
441 3813 476 3862 14
499 3826 534 3862 nu
555 3809 605 3876 qui
627 3807 651 3863 si
674 3807 727 3864 ali-
781 3810 854 3864 nach
874 3815 903 3876 1,
923 3815 939 3863 3
961 3828 994 3863 zu
1012 3825 1086 3878 quae
1103 3838 1137 3849 -
1155 3809 1345 3879 pertinerent3

163 3880 242 3934 euius
261 3882 314 3934 etc.
334 3909 367 3920 —
387 3885 412 3934 o.
431 3879 554 3948 Aegre:
574 3897 594 3934 s.
614 3885 639 3948 2,
659 3886 675 3934 6
693 3897 728 3932 zu
780 3880 868 3949 vergi.
889 3887 917 3949 1,
935 3885 983 3949 to,
1004 3885 1018 3934 1
1038 3898 1072 3934 nu
1095 3881 1278 3950 omniumque
1300 3897 1345 3936 or·

163 3951 190 4004 d.
215 3951 260 4007 W.
284 3982 318 3991 —
347 3950 517 4019 reliquos:
545 3950 652 4005 welche
676 3948 729 4004 Art
781 3950 935 4004 dinum.—
954 3950 1013 4019 qui
1032 3981 1065 3990 —
1084 3951 1195 4015 cuius:
1213 3951 1344 4007 dberdie

165 4022 344 4090 Asyndeton?
358 4053 392 4062 —
406 4021 502 4077 locus
516 4052 550 4061 -
564 4020 727 4075 munitio·
780 4021 1016 4077 unverbundenen
1030 4021 1221 4078 Boletirehtae
1235 4039 1256 4078 s.
1272 4028 1298 4090 1,
1319 4028 1343 4079 1.

166 4109 228 4160 que
243 4092 414 4147 defendit:
428 4091 595 4161 Beiepielzu
606 4091 728 4146 welcher
782 4122 815 4132 —
841 4091 1080 4161 superioribus
1102 4091 1262 4163 proeliis:
1284 4093 1343 4163 rgl

164 4163 275 4218 Lehre?
292 4194 326 4203 -
346 4170 370 4220 6.
391 4163 481 4218 alius
500 4162 641 4217 axelio:
661 4180 682 4218 s.
702 4167 727 4229 1,
781 4168 865 4230 2‚25;
885 4167 948 4232 3,5.
967 4193 1001 4204 -
1020 4170 1046 4218 3.
1066 4162 1345 4233 Consequentur:

165 4239 213 4302 39,
233 4240 249 4287 3
274 4253 308 4287 zu
331 4234 482 4289 alluentia
505 4249 598 4288 causa.
622 4263 656 4272 —
680 4233 728 4286 fe·
782 4233 933 4288 schliessen
952 4233 1012 4289 sich
1031 4251 1075 4288 an.
1095 4261 1129 4276 -
1153 4240 1179 4289 4.
1198 4233 1344 4290 animus:

158 4306 285 4358 rantur
306 4334 340 4345 -
365 4303 562 4360 conveniat:
590 4305 660 4358 iiber
683 4303 728 4358 die
781 4304 955 4374 Besinnnng3
989 4305 1122 4360 unimus
1154 4321 1204 4360 me
1235 4304 1344 4360 relin-

144 4370 236 4426 reare
251 4374 306 4429 des
325 4373 404 4446 Conj.
426 4395 449 4432 e.
470 4382 495 4447 5,
518 4382 587 4432 lau
606 4391 730 4434 commo·
785 4374 875 4446 quit:
896 4375 946 4430 ich
970 4376 1060 4435 werde
1088 4366 1279 4446 ohnmlt'ehtig.
1309 4407 1344 4417 -
