2804 4778
287 215 353 270 1111.
372 215 419 271 IV.
448 215 524 271 CAP.
544 222 587 272 ss.
611 241 644 257 fi
672 215 793 271 111111.
823 216 900 274 cAP.
920 222 997 270 1-1.
1161 214 1223 279 127
1278 294 1285 301 ,

55 389 192 440 aestuum
216 381 314 441 minus
343 398 464 458 magnos
493 380 534 441 ibi
561 381 669 442 ssuotos
698 382 762 441 lieri
790 390 980 460 cognoverat,
1008 381 1043 440 ad
1072 399 1162 441 onera
1190 399 1224 441 ac

26 479 29 486 '
54 466 276 528 multitudinem
312 469 514 529 iumentorum
556 469 813 547 transportandam
848 471 933 548 paulo
971 469 1104 548 latiores,
1136 487 1223 547 quam

56 555 165 635 quibus
188 557 219 615 in
243 554 366 633 reliquis
389 557 502 616 utimur
525 556 664 617 maribus,
710 556 769 616 Has
797 575 899 618 omnes
927 559 1071 617 actuarias
1098 559 1261 635 imperata

55 644 130 723 fieri,
154 660 242 720 quam
266 643 301 703 ad
325 661 388 702 rem
411 644 537 704 multum
560 644 710 704 humilitas
733 645 858 706 adiuvat.
894 645 945 725 Ea,
965 663 1039 723 quae
1063 652 1133 705 sunt
1155 646 1260 708 osuit

56 732 92 791 ad
116 730 271 790 armandas
294 749 391 810 naves,
415 750 452 791 ex
473 731 613 809 Hispania
636 735 787 811 apportari
809 732 899 793 iubet.
940 733 1006 811 lpse
1031 733 1224 793 conventibus
1244 747 1261 796 5

56 818 165 879 Galliae
189 820 336 878 citerioris
358 821 488 898 peractis
510 823 542 880 in
558 819 708 899 Illyricum
731 821 939 901 proficiscitur,
960 821 1039 899 quod
1063 839 1078 880 a
1096 820 1224 881 Pirustis

56 907 211 966 finitimam
229 913 344 984 partem
362 909 529 984 provinciae
548 908 769 970 incursionibus
793 911 899 968 vastari
918 908 1063 968 audiebat.
1092 908 1136 968 Eo
1156 926 1224 968 cum
1244 925 1260 973 6

56 996 196 1074 venisset,
219 993 386 1055 civitatibus
410 995 518 1055 milites
541 997 667 1075 imperat
689 1005 864 1075 certumque
891 999 922 1057 in
945 996 1043 1056 locum
1067 999 1224 1056 convenire

55 1081 147 1142 iubet.
194 1081 313 1152 Quare
337 1085 470 1143 nuntiata
492 1082 628 1144 Pirustae
651 1083 763 1162 legatos
787 1084 823 1144 ad
847 1103 915 1145 eum
938 1087 1072 1163 mittunt,
1100 1085 1151 1162 qui
1174 1085 1261 1149 dot

57 1179 143 1230 ceant
166 1168 239 1229 nihil
262 1188 364 1230 earum
386 1188 488 1230 rerum
511 1170 629 1250 publico
660 1172 770 1259 laetum
793 1174 930 1248 consilio,
959 1190 1084 1250 seseque
1107 1180 1225 1251 paratos

57 1276 122 1317 esso
147 1257 350 1318 demonstrant
373 1258 511 1319 omnibns
534 1258 698 1319 rationibus
721 1259 758 1319 de
786 1262 902 1321 iniuriis
930 1261 1108 1320 satisfacere.
1154 1259 1224 1319 Per·
1244 1276 1262 1325 8
1324 1294 1329 1301 =

57 1354 141 1425 cepta
170 1348 301 1406 oratione
335 1365 438 1406 eorum
466 1347 572 1408 Caesar
605 1346 724 1407 obsides
756 1349 881 1426 imperat
911 1367 1022 1427 eosque
1050 1347 1086 1407 ad
1114 1355 1225 1407 certam

57 1434 135 1493 diem
155 1433 261 1493 adduci
283 1433 379 1495 iubet:
403 1435 461 1494 nisi
483 1437 523 1496 ita
542 1435 676 1516 iecerint,
699 1454 765 1495 sese
788 1435 865 1495 bello
885 1439 1032 1497 civitatem
1051 1443 1224 1514 persecutn-

56 1539 125 1582 rum
153 1522 343 1582 demonstrat.
388 1522 428 1582 lis
457 1523 492 1583 ad
520 1523 599 1583 diem
626 1524 774 1603 adductiS,
802 1532 836 1584 ut
863 1527 1070 1604 imperaverat,
1098 1523 1262 1588 arbitroso

57 1612 136 1669 inter
160 1611 293 1670 civitates
315 1609 373 1691 dat,
397 1613 448 1689 qui
470 1611 553 1671 litem
577 1613 733 1672 aestiment
755 1630 939 1690 poenamque
963 1613 1151 1672 constituant.

146 1694 175 1757 2.
198 1697 252 1757 llis
275 1699 418 1759 conlectis
446 1698 537 1777 rebus
564 1699 818 1778 conventibusque
847 1703 974 1779 peractis
1002 1703 1033 1759 in
1057 1701 1226 1759 citeriorem

58 1784 178 1844 Galliam
202 1787 362 1871 repertitur
385 1795 473 1865 atque
497 1787 565 1857 inde
589 1787 625 1847 ad
648 1789 812 1848 exereitum
838 1788 1046 1866 proficiscitur.
1091 1786 1135 1845 Eo
1159 1803 1263 1850 cuma

57 1874 201 1953 venisset,
234 1874 366 1933 circuitis
398 1874 535 1935 omnibus
567 1874 699 1934 hibernis
731 1875 873 1954 singulari
906 1875 1032 1936 militum
1064 1873 1161 1934 studio
1194 1877 1225 1933 in

59 1978 173 2020 summa
206 1963 338 2020 omnium
372 1979 474 2022 rerum
510 1964 609 2041 inopia
644 1964 764 2022 circiter
796 1962 843 2022 llC
876 1965 940 2022 eius
973 1964 1104 2041 generis,
1142 1964 1227 2021 cuius

59 2067 148 2128 supra
177 2046 457 2128 demonstravimus,
489 2067 577 2110 naves
601 2058 631 2110 et
657 2049 759 2128 longas
781 2048 901 2109 XXVlll
927 2044 1040 2109 invehit
1066 2050 1228 2108 instructas

58 2252 120 2289 eam
147 2234 349 2302 plenissimam.
367 2265 402 2274 -
430 2235 471 2290 ad
498 2253 614 2290 onera:
671 2236 818 2290 schalt-
837 2235 1047 2290 rationibus:
1067 2235 1228 2289 derPlural

57 2307 127 2359 iiber
145 2307 195 2358 das
214 2304 390 2360 Verhhltniss
408 2305 499 2360 dieses
520 2306 616 2361 Satzes
670 2307 833 2361 bezeichnen
851 2307 906 2361 den
924 2308 1009 2360 Ernst
1027 2307 1076 2360 der
1089 2305 1228 2360 Pirusten.

57 2395 91 2429 zu
118 2376 182 2429 dem
209 2376 456 2445 vorhergelrenden
484 2394 505 2430 s.
533 2384 557 2445 1,
583 2383 615 2431 18
671 2409 704 2417 -
728 2378 780 2432 de:
803 2378 872 2432 iiber
896 2377 941 2430 dis
964 2377 1130 2446 Bedeutung
1151 2376 1230 2430 siaha

58 2464 91 2499 zu
106 2444 255 2518 concilium
269 2445 401 2514 dimittit,
419 2447 532 2503 Liscum
550 2447 616 2501 reti·
672 2454 696 2516 1,
722 2454 756 2501 14
781 2466 813 2501 zu
839 2448 903 2503 dem
921 2447 1010 2502 Wort.
1040 2479 1072 2487 -
1099 2453 1124 2501 8.
1149 2447 1228 2500 Per·

58 2519 114 2571 net.
143 2546 177 2555 —
205 2521 230 2572 3.
258 2517 447 2572 actuarias:
475 2519 617 2572 actuariae
671 2521 784 2588 cepta:
808 2519 886 2573 nicht
905 2520 1085 2588 =·necepta‚
1109 2518 1229 2572 sondern

57 2602 144 2641 nares
163 2585 225 2640 sind
243 2586 346 2642 leichte
364 2588 563 2643 Rudarschiffe.
582 2619 617 2628 —
671 2589 856 2658 vollsttndig,
882 2589 1070 2643 anfmerksam
1095 2589 1228 2645 anhbren.

58 2657 204 2726 imperat
226 2656 319 2712 fieri:
341 2659 451 2727 merke,
479 2659 542 2713 dass
564 2659 616 2713 im·
670 2690 704 2700 -
728 2669 753 2714 9.
777 2661 818 2714 ad
836 2658 936 2713 diem:
960 2660 1036 2713 siehe
1055 2665 1084 2725 2,
1104 2664 1168 2724 5‚1
1194 2675 1229 2710 zu

58 2744 156 2796 perure
179 2727 209 2781 in
227 2728 277 2781 der
299 2727 474 2784 klassischon
493 2730 617 2800 Sprache
671 2729 733 2784 dem
757 2731 845 2786 Wort.
870 2759 903 2769 -
931 2732 969 2783 ut
995 2729 1232 2799 imperaverat

58 2817 110 2852 nur
127 2797 181 2853 mit
199 2798 289 2853 einem
306 2799 437 2868 passiven
454 2802 519 2854 Aeo.
530 2799 616 2854 oluf.
670 2800 761 2855 iibere.
784 2800 859 2853 nach
886 2807 914 2865 1,
938 2805 971 2852 22
996 2816 1029 2851 zu
1047 2799 1079 2851 ut
1097 2828 1131 2837 -
1149 2813 1229 2866 prae·

59 2870 209 2924 construirt
222 2869 300 2923 wird.
316 2901 348 2909 -
365 2887 463 2938 quam
476 2870 518 2924 ad
536 2886 616 2924 rems
671 2872 790 2939 ceptum.
810 2900 845 2910 -
864 2869 1013 2923 arbitros
1032 2869 1102 2922 dat:
1127 2885 1148 2922 s.
1170 2875 1193 2934 1,
1206 2874 1228 2922 ’3

58 2942 182 3007 ,‚wozu“‚
206 2940 231 2994 d.
251 2940 269 2992 i.
288 2957 335 2992 urn
356 2939 445 2994 leicht
462 2939 565 2994 rudern
583 2958 618 2993 zu
671 2959 705 2994 au
722 2940 796 2994 inter
814 2956 892 2993 se-
910 2939 986 2993 dant.
1001 2968 1035 2978 -
1054 2937 1113 3006 qui
1130 2938 1229 2992 litem

57 3010 183 3077 konnen,
211 3027 260 3062 zur
287 3008 500 3080 Sohnslligkeit.
529 3039 564 3049 --
590 3016 616 3063 4.
671 3012 870 3065 aestiment:
900 3009 981 3064 litem
1008 3009 1155 3071 aestimare
1182 3008 1228 3062 be·

57 3081 117 3146 Ea,
141 3095 226 3148 quae
249 3082 327 3134 sunt
346 3081 434 3135 usui:
458 3079 509 3135 das
527 3080 616 3134 Mate·
671 3080 768 3135 deutet
793 3080 847 3134 den
866 3079 965 3133 Werth
983 3079 1061 3134 einer
1079 3077 1229 3133 erlittenen

57 3150 119 3206 rial.
155 3150 223 3203 Man
245 3150 354 3218 merke,
381 3150 446 3204 dass
471 3151 534 3205 usui
556 3165 616 3204 esse
670 3151 887 3220 Besohadignng
905 3149 1071 3204 absehdtzen
1090 3150 1148 3202 und
1166 3148 1229 3202 dar·

58 3240 106 3275 zur
138 3220 362 3290 Umsohreibung
393 3220 443 3276 des
471 3221 617 3276 Passivum
669 3223 743 3276 nach
766 3221 812 3276 die
835 3221 1039 3276 Ersatzsumme
1061 3220 1230 3274 bestimmen

59 3309 116 3346 von
134 3291 178 3346 uti
196 3291 281 3346 dient.
301 3321 336 3330 —
355 3292 549 3347 armandas:
567 3292 616 3345 da·
671 3294 801 3360 (poenam
820 3292 1007 3360 constituero).

57 3381 92 3415 zu
118 3363 254 3431 gehdrten
277 3362 367 3431 Tune,
390 3362 498 3432 Anker,
525 3362 617 3432 SegeI,

59 3432 260 3502 Segelstangen
282 3451 309 3487 u.
329 3453 350 3488 s.
369 3451 404 3488 w.
434 3465 465 3473 -
494 3433 617 3501 Hispa·
688 3433 722 3487 H.
752 3431 860 3487 Citsar's
877 3432 1032 3487 Verfahren
1054 3446 1145 3501 gagen
1165 3429 1213 3485 die

58 3503 127 3556 nia:
157 3520 186 3558 ss
214 3520 272 3558 war
298 3503 377 3557 reich
404 3520 440 3558 an
467 3503 618 3558 Pfriemon-
702 3504 836 3557 Treverer
854 3503 911 3557 und
930 3519 1021 3573 gagen
1040 3500 1201 3557 Dumnorix.

59 3589 125 3642 gras
138 3575 196 3627 und
208 3573 357 3640 Metallen;
371 3590 421 3627 aus
435 3573 531 3628 diesen
544 3591 618 3627 wur-

60 3643 114 3696 den
142 3643 250 3710 Anker,
280 3643 442 3698 Klammem
468 3644 526 3697 und
557 3643 618 3697 dar·
876 3607 916 3677 (G‘
937 3610 1026 3676 Μ’)

59 3713 203 3782 glauben,
226 3729 276 3765 aus
295 3712 391 3781 jenem
414 3712 492 3767 Tana
515 3712 618 3768 verior·
708 3711 1230 3782 Cap.2.1.paraetis:iibers.per

59 3782 124 3851 tigt.
144 3812 178 3822 -
203 3787 227 3838 t.
247 3782 413 3837 audiebat
436 3784 527 3840 iibere.
546 3784 619 3837 nach
672 3783 725 3838 mit
748 3783 934 3853 vollsttndig‚
958 3781 1126 3837 sammtlioh.
1146 3811 1179 3820 —
1203 3785 1231 3835 2.

61 3859 114 3922 1‚a
134 3871 169 3906 zu
188 3852 397 3907 arbitrabantur
411 3859 441 3923 2,
455 3854 513 3907 und
530 3870 579 3908 ver
598 3853 617 3908 l.
673 3853 832 3910 circuitis
846 3884 880 3894 -
894 3852 1062 3908 hibernis:
1083 3849 1230 3905 circumire

59 3931 85 3992 2,
107 3929 147 3992 12,
167 3930 182 3978 2
202 3942 236 3978 zu
254 3923 507 3981 (1111111Ἦο11-
528 3931 552 3978 6.
600 3940 617 3978 o
670 3925 779 3980 transit.
804 3926 942 3995 bogehen,
961 3923 1045 3976 nami.
1064 3940 1112 3975 um
1130 3938 1164 3973 zu
1182 3920 1229 3974 bs·

59 4013 133 4050 cum
151 3994 309 4049 venisset
330 3995 421 4049 iibens.
439 3995 512 4050 nach
531 4001 556 4063 1,
574 4001 618 4063 26,
673 3994 819 4066 siehtigsn.
845 4024 878 4035 -
910 3993 957 4047 in:
989 3993 1048 4060 boi,
1080 3992 1162 4046 troia.
1195 4021 1229 4031 -
1259 3989 1266 4010 ⁶

59 4073 76 4121 4
105 4084 138 4119 zu
165 4065 214 4119 diu
238 4096 271 4105 -
294 4067 450 4133 pugnatum
477 4067 558 4121 esset.
584 4096 617 4105 -
673 4083 799 4122 summa
822 4064 969 4120 omnium
990 4079 1113 4117 rernm:
1141 4064 1229 4130 vergi.
1294 4097 1298 4100 -

59 4136 244 4192 convenire
261 4135 358 4190 iubet
380 4135 418 4190 ist
440 4142 466 4205 4,
485 4142 518 4191 21
537 4136 619 4190 iiber·
673 4151 696 4190 e.
720 4143 754 4192 43
787 4155 820 4191 zu
848 4149 957 4188 summa
985 4149 1049 4187 eum
1075 4132 1166 4186 11111111.
1195 4161 1229 4170 -

59 4210 138 4264 setzt.
163 4238 196 4246 —
226 4213 249 4261 7.
278 4222 392 4261 earnm
419 4223 530 4262 rerum
554 4207 580 4260 d.
599 4205 618 4260 i.
673 4207 784 4261 ouius:
812 4207 838 4260 d.
856 4205 875 4259 i.
895 4203 973 4257 cuins
1000 4202 1111 4273 generis
1134 4217 1230 4270 nares,

59 4279 255 4334 incursionum.
278 4307 312 4317 -
338 4293 480 4347 seseque
504 4308 538 4318 -
563 4277 619 4331 de·
673 4291 728 4330 von
746 4277 796 4331 der
814 4277 886 4330 oben
902 4273 1101 4330 bezeichneten
1117 4273 1178 4327 Art.
1195 4302 1229 4311 -

60 4350 264 4405 monstrant:
289 4349 418 4404 erkltren
435 4347 496 4403 ihre
513 4349 619 4402 Bereit·
673 4346 808 4403 invenit
821 4346 1024 4402 instructas:
1040 4344 1229 4414 ausgerdstet:
