2804 4778
153 208 197 271 30
299 259 303 266 .
554 207 603 262 DE
621 207 739 263 BELLO
759 207 915 264 Gannico

153 385 283 436 remotas
305 395 321 436 a
345 375 511 463 Germania,
534 383 636 454 petant
658 375 875 453 fortunamque,
899 394 1103 456 quaecumque
1128 378 1250 459 accidat,
1274 397 1325 440 ex-

104 467 318 542 reperiantur.
362 464 441 524 Haec
465 467 490 524 si
513 466 665 524 enuntiata
687 464 833 524 Ariovisto
858 466 925 545 sint,
949 483 1007 524 non
1027 465 1171 547 dubitare,
1194 467 1325 546 quiade

156 553 294 614 omnibus
324 552 489 633 obsidibus,
523 555 575 631 qui
605 551 681 631 apud
711 566 779 612 eum
810 554 883 632 sint,
912 556 1116 632 gravissimum
1147 556 1325 636 supplicium

54 698 56 703 ,
106 652 139 701 16
159 651 263 703 sumat.
309 642 466 703 Caesarem
493 641 539 701 uel
570 643 744 702 auctoritate
768 659 821 701 sua
849 650 937 720 atque
967 646 1115 704 exercitus
1142 643 1189 704 vel
1211 648 1327 706 recenti

157 734 280 791 victoria
303 731 348 791 vel
371 729 617 810 numine'populi
634 729 759 789 Romani
778 728 931 791 deterrere
954 749 1051 811 posse,
1074 751 1111 792 ne
1134 735 1228 792 maior
1252 733 1326 794 mul·

155 820 251 881 titudo
284 820 500 880 Germanorum
532 818 669 879 Rhenum
701 817 886 901 traducatur,
920 818 1100 899 Galliamque
1138 839 1256 882 omnem
1289 821 1326 882 ab

155 911 293 969 Ariovisti
315 910 422 969 iniuria
445 925 532 987 posse
556 906 724 967 defendere.

112 1038 114 1043 »
219 995 296 1059 .32.
324 996 385 1056 Hac
418 999 551 1057 oratione
584 995 620 1056 ah
652 995 794 1056 Divitiaco
832 994 931 1057 habita
963 1014 1078 1078 omnes,
1095 1000 1162 1076 ¹qui
1194 999 1327 1081 aderant,

122 1096 263 1165 amagno
290 1085 364 1146 lletu
394 1085 534 1145 auxilium
564 1103 580 1145 a
609 1084 733 1145 Caesare
753 1092 863 1164 ¹petere
896 1095 1067 1164 coeperunt.
1113 1087 1326 1149 Animadvertit

158 1174 266 1235 Caesar
289 1192 365 1234 unos
384 1192 420 1233 ex
444 1172 581 1234 omnihus
604 1173 757 1252 Sequanos
780 1172 853 1233 nihil
877 1191 979 1234 earum
1001 1193 1102 1234 rerum
1122 1176 1228 1260 lacere,
1252 1195 1327 1255 quas

158 1265 251 1324 ceteri
275 1264 415 1337 lacerent,
439 1262 491 1323 sed
512 1265 614 1323 tristes
637 1264 732 1342 capite
751 1261 879 1322 demisso
903 1270 1012 1323 terram
1032 1265 1149 1325 intueri.
1190 1264 1262 1325 Eius
1281 1268 1326 1326 rei

123 1364 138 1413 3
159 1370 234 1431 quae
259 1370 347 1412 causa
370 1359 457 1432 esset,
481 1353 604 1412 miratus
623 1369 659 1411 ex
681 1352 754 1429 ipsis
778 1351 912 1428 quaesiit.
952 1350 1030 1411 Nihil
1054 1351 1183 1431 Sequani
1202 1372 1324 1433 respon·

158 1440 239 1521 dere,
263 1439 314 1501 sed
337 1442 368 1500 in
388 1440 489 1500 eadem
513 1442 632 1500 tristitia
656 1441 737 1499 taciti
760 1457 943 1518 permanere.
985 1439 1059 1500 Cum
1082 1439 1118 1500 ah
1141 1441 1187 1501 his
1206 1445 1325 1521 saepius

158 1538 316 1609 quaereret
339 1547 436 1608 neque
459 1529 547 1588 ullam
568 1530 687 1588 omnino
710 1546 811 1589 rocem
831 1529 997 1607 exprimere
1019 1536 1130 1609 posset,
1150 1528 1228 1590 idem
1248 1530 1325 1591 Divi·

119 1630 136 1678 4
157 1611 252 1678 tiacus
275 1616 395 1678 Aeduus
423 1617 589 1697 respondit:
626 1617 689 1676 Hoc
717 1634 783 1677 esse
807 1618 991 1677 miseriorem
1015 1626 1046 1677 et
1072 1620 1237 1696 graviorem
1265 1620 1324 1679 lor·

156 1715 258 1767 tunam
293 1706 498 1785 Sequanorum
530 1724 618 1784 quam
650 1704 848 1786 reliquorum,
880 1705 958 1783 quod
992 1706 1046 1766 soli
1078 1725 1116 1766 ne
1147 1709 1178 1767 in
1207 1708 1325 1769 occulto

157 1795 275 1874 quidem
304 1797 390 1874 queri
417 1813 473 1854 nee
501 1794 641 1855 seruilium
668 1793 826 1873 implorare
854 1793 998 1854 auderent
1024 1793 1212 1874 absentisque
1240 1796 1324 1857 hrio-

119 1886 225 1945 o‘visti
257 1883 475 1963 crudelitatem,
503 1882 584 1943 velut
616 1885 641 1942 si
671 1900 771 1942 coram
802 1882 936 1962 adesset,
963 1881 1134 1963 horrerent,
1165 1893 1324 1965 propterea

155 1973 234 2051 quod
253 1973 377 2051 reliquis
396 1981 493 2032 tamen
512 1972 598 2050 lugan
623 1971 745 2031 lacultas
764 1970 896 2054 daretur2
915 1970 1059 2050 Sequanis
1076 1990 1157 2052 vero,
1176 1975 1227 2051 qui
1245 1976 1325 2034 intra
1379 2040 1383 2049 ,

154 2062 228 2121 lines
252 2079 322 2122 suos
345 2060 524 2122 Ariovistum
549 2063 746 2140 recepissent,
768 2077 896 2138 quorum
924 2059 1031 2139 oppida
1062 2063 1159 2120 omnia
1187 2063 1217 2121 in
1240 2071 1323 2141 pote·

151 2158 226 2211 state
250 2152 314 2210 eius
338 2157 447 2224 essent,
471 2167 573 2210 omnes
596 2151 746 2210 cruciatus
769 2156 870 2209 essent
891 2147 1069 2228 perferendi.

38 2312 42 2317 ᾖ
240 2236 292 2299 33.
316 2238 368 2298 His
391 2238 482 2298 rebus
505 2240 631 2316 cognitis
655 2236 762 2298 Caesar
784 2236 933 2298 Gallorum
956 2239 1070 2298 animos
1093 2236 1191 2298 verhis
1215 2240 1322 2298 consar-

151 2329 240 2386 mavit
269 2326 476 2405 pollicitusque
505 2334 551 2386 est
579 2325 635 2386 sihi
663 2343 727 2386 eam
750 2344 814 2386 rem
842 2343 931 2386 curae
961 2311 1104 2387 ldturam:
1133 2344 1266 2405 magnam
1290 2346 1324 2388 se

151 2414 260 2475 habere
285 2432 368 2494 spem
391 2423 422 2475 et
443 2414 588 2475 beneficio
617 2433 671 2475 suo
696 2423 725 2475 et
753 2416 927 2476 auctoritate
955 2413 1114 2475 adductum
1142 2415 1322 2476 Ariovistum

150 2603 419 2673 Niederlassungen‚
453 2603 628 2670 Wohnsitza‚
665 2603 710 2658 ein
763 2602 861 2673 Regel.
885 2633 918 2641 -
944 2617 1055 2656 coram
1080 2602 1229 2658 adesset:
1260 2621 1323 2672 per-

150 2673 373 2729 umfassenderer
396 2673 505 2744 Begriff
527 2675 569 2729 als
595 2673 710 2740 domici·
764 2673 873 2728 adulich
895 2689 1021 2743 angegen
1039 2673 1107 2728 oder
1129 2675 1322 2745 gegenwarsig

149 2746 226 2801 lium.
247 2777 281 2786 -
302 2750 343 2800 15.
361 2762 427 2801 non
444 2745 616 2801 dub-itare:
641 2746 710 2799 iiber
764 2744 831 2798 sein.
851 2774 886 2784 -
904 2744 1029 2798 tamen:
1054 2743 1126 2798 doch
1143 2745 1321 2814 wenigstens.

150 2818 200 2872 das
223 2817 271 2873 bei
293 2816 421 2872 dubitare
444 2835 470 2872 u.
490 2817 563 2873 oben
585 2816 631 2871 bei
653 2833 710 2871 non
764 2846 798 2856 -
813 2820 838 2869 5.
856 2815 957 2885 qni-
972 2814 1184 2884 recepissent
1202 2835 1229 2869 u.
1244 2833 1322 2885 quo·

150 2904 232 2958 posse
250 2888 451 2943 unterdrdolrhs
470 2887 547 2959 Subj.
566 2905 588 2942 s.
603 2904 626 2942 c.
643 2892 657 2942 7
676 2905 710 2941 zu
763 2899 835 2941 rum
854 2917 887 2928 -
906 2887 1021 2969 'esseni
1039 2885 1101 2940 sind
1120 2886 1319 2970 beigeordnete

149 2976 260 3086 {tes-2
762 2957 862 3084 aare
875 2956 1333 3098 scaranense-

185 3101 252 3172 Oap.
268 3107 310 3157 32.
332 3107 355 3156 1.
374 3100 442 3155 Hac
457 3131 491 3142 -
510 3101 629 3156 habita
646 3101 708 3154 libs.
762 3099 1248 3169 ger-cohleressuthala-„omnent
1264 3100 1321 3154 alle

149 3173 222 3226 nach
245 3190 267 3229 c.
287 3178 303 3226 3
326 3188 413 3242 regno
437 3175 572 3241 occupato
592 3188 614 3226 c.
634 3190 660 3228 u.
680 3171 707 3225 d.
761 3171 849 3225 Arion
871 3186 934 3225 von.
954 3200 987 3208 -
1011 3169 1207 3239 perferendi
1233 3171 1324 3226 heisst

150 3273 183 3281 —
204 3243 260 3311 qui
279 3243 427 3297 adorant
444 3243 557 3297 veriritt
574 3241 620 3296 ein
639 3242 707 3297 Sub·
762 3259 805 3309 os,
824 3241 904 3295 nicht
921 3241 1041 3307 ferendi;
1060 3243 1150 3297 libers.
1169 3242 1242 3296 anch
1260 3259 1319 3311 per.

150 3312 262 3367 stantiv.
278 3343 312 3353 -
326 3329 448 3382 magno
461 3312 548 3367 flatu
563 3338 597 3358 =
611 3312 707 3367 multis
761 3311 871 3366 Andere
898 3311 1098 3382 Bedautungan
1129 3329 1186 3368 von
1212 3330 1263 3382 per
1289 3314 1322 3367 in

151 3401 214 3438 cum
231 3383 364 3438 lacrimis.
383 3414 417 3425 -
443 3389 468 3438 2.
488 3383 596 3439 ceteri
614 3383 707 3438 face·
762 3382 924 3452 compositis
942 3399 1036 3438 waren
1054 3384 1140 3438 achon
1158 3383 1202 3438 da.

150 3455 239 3508 rent:
262 3455 332 3508 fiber
350 3455 475 3508 facerent
497 3472 518 3509 s.
538 3472 561 3509 c.
580 3460 597 3507 2
614 3473 647 3508 nu
665 3454 706 3508 in-

150 3525 259 3578 auctus.
279 3554 312 3564 --
331 3525 446 3594 capite
465 3525 623 3580 demisso:
645 3525 706 3579 Bei·
743 3564 745 3579 .
798 3523 864 3593 Cap.
878 3530 921 3579 33.
942 3530 965 3577 1.
981 3523 1155 3579 Gallorum
1173 3522 1321 3580 animost

151 3595 222 3664 spiel
249 3595 299 3652 fiir.
325 3595 380 3651 den
405 3595 470 3651 Abl.
497 3597 546 3651 der
572 3597 624 3651 Art
650 3596 707 3650 und
759 3595 830 3650 iiber
852 3595 959 3650 animos
983 3613 1002 3650 s.
1026 3611 1049 3649 c.
1071 3601 1103 3649 la
1126 3613 1161 3649 au
1184 3594 1320 3650 Divitiaci

149 3665 708 3739 Weiss,andemniequmgeseirtwerden
761 3667 894 3721 animum.
905 3697 938 3707 -
955 3666 1069 3721 verbis
1083 3665 1319 3722 confirmavit:

150 3735 219 3792 dari.
234 3736 362 3808 Vergili,
374 3745 406 3793 18
416 3738 508 3808 capita
519 3739 587 3794 solo.
602 3738 707 3793 Sanch
761 3738 861 3807 sprach
888 3737 970 3792 Muth
996 3736 1050 3792 ein.
1078 3768 1112 3778 -
1141 3737 1320 3793 beneficio

150 3825 172 3862 c.
195 3813 229 3863 25
253 3827 288 3863 au
309 3809 385 3864 nudo
413 3826 535 3880 corpore.
559 3840 592 3851 -
619 3824 707 3878 quae
760 3827 831 3865 suo:
860 3809 909 3864 das
936 3809 1113 3876 beneficium,
1141 3809 1193 3864 das
1221 3808 1320 3862 Wohl·

150 3883 364 3936 consuesset
385 3880 451 3935 abh.
469 3899 494 3936 v.
513 3880 630 3935 miratus
648 3879 707 3934 und
759 3881 870 3950 wollen,
884 3880 930 3934 die
945 3879 1191 3950 Gunsibeaeigung
1205 3879 1320 3934 bestehi

150 3951 278 4019 quaesiit.
298 3981 332 3992 -
356 3958 381 4006 3.
400 3952 621 4021 respondere:
640 3969 661 4006 s.
682 3968 705 4006 c.
760 3951 853 4020 darin,
877 3951 940 4004 dass
963 3949 1087 4006 Ariovist
1113 3951 1196 4005 uniar
1218 3949 1320 4005 Oasars

150 4028 183 4076 16
202 4041 235 4076 zu
253 4022 388 4092 flagitare.
409 4053 442 4063 —
459 4039 575 4077 vocem
594 4022 705 4092 expri·
760 4021 893 4077 Consului
910 4021 950 4074 im
963 4021 1048 4076 Jahre
1062 4026 1095 4076 59
1109 4042 1135 4077 v.
1147 4020 1210 4076 Chr.
1224 4021 1319 4092 Kdnig

149 4109 252 4148 mere:
277 4096 358 4149 einen
380 4095 455 4149 Laut
476 4094 705 4165 herausbringen.
759 4093 825 4148 und·
839 4092 948 4146 Frennd
978 4091 1027 4147 des
1049 4092 1207 4148 rdmischen
1229 4092 1319 4148 Volks

150 4194 183 4204 -
198 4169 222 4217 4.
237 4163 305 4220 Hoc
320 4181 405 4220 esse:
419 4165 466 4221 ab.
481 4164 526 4220 die
539 4165 706 4236 Bedeutnng
780 4166 884 4219 snannt
908 4163 1020 4218 worden
1045 4180 1117 4233 war,
1142 4164 1198 4233 vgl.
1225 4180 1248 4219 c.
1273 4170 1319 4218 35.

148 4251 203 4289 von
220 4236 273 4289 hoc
293 4252 314 4289 s.
333 4252 356 4291 o.
376 4241 392 4290 2
411 4254 445 4290 zu
462 4236 515 4290 hoo
533 4235 651 4290 facilins.
670 4267 705 4275 -
786 4235 861 4290 'esen
879 4233 966 4303 Ticer,
990 4234 1035 4290 die
1059 4234 1189 4290 offinielle
1206 4235 1319 4290 Formel

149 4322 246 4374 q-uam
269 4306 491 4376 reliquorum:
514 4307 637 4378 Beispiel
660 4307 706 4361 fiir
759 4306 801 4362 als
836 4305 1043 4376 Anerlrennung
1078 4305 1155 4360 eines
1190 4305 1319 4360 framden

88 4441 90 4443 ¹
149 4375 194 4432 die
212 4393 235 4432 c.
250 4383 283 4431 21
303 4396 336 4432 zu
353 4378 384 4432 in
401 4376 438 4433 M.
454 4377 543 4434 Crassi
561 4380 705 4449 gegebeno
758 4378 891 4448 Fdrsten,
916 4375 1023 4431 verliah
1049 4375 1175 4450 fremdsn
1197 4377 1318 4432 Fursten
