2804 4778
506 228 574 282 nm.
593 228 628 283 11.
657 227 735 286 csP.
754 235 867 286 sr-ee.
1228 233 1271 298 75

194 391 245 456 33.
270 394 332 455 Sub
354 412 512 475 vesperum
535 393 643 455 Caesar
665 405 767 474 portas
791 397 886 458 claudi
910 397 1078 478 militesque
1102 417 1138 458 ex
1161 400 1269 478 oppido

104 489 186 547 exire
209 486 304 563 iussit,
327 502 364 544 ne
388 501 475 563 quam
499 493 589 544 noctu
612 485 751 564 oppidani
773 485 809 545 ah
830 485 972 546 militibus
995 489 1133 547 iniuriam
1156 491 1269 567 accipe·
1320 554 1324 572 Ι

98 583 180 635 rent.
226 572 271 632 llli
294 581 361 632 ante
384 574 473 651 inito,
496 582 529 633 ut
552 572 734 634 intellectum
763 585 821 654 est,
850 574 986 654 oonsilio,
1014 575 1094 654 quod
1121 576 1304 638 deditiones

104 665 181 724 iacta
208 669 326 721 nostros
354 660 499 740 praesidia
527 659 708 722 deducturos
741 673 791 724 aut
819 663 946 741 denique
979 663 1181 742 indiligentius
1209 684 1270 725 ser·

104 761 224 813 vaturos
252 749 453 829 crediderant,
480 751 588 828 partim
611 768 680 810 cum
710 749 768 831 his,
796 769 870 831 quae
899 753 1085 813 retinuerant
1107 763 1137 813 et
1160 752 1270 814 celave-

103 847 178 919 rant,
202 840 300 918 armis,
323 840 431 918 partim
454 838 547 898 scutis
571 855 606 897 ex
630 841 740 900 cortice
768 840 853 900 lactis
882 848 932 900 aut
960 839 1118 902 viminibus
1140 845 1271 923 intextis,

103 946 177 1007 quae
202 927 310 1007 subito,
333 936 366 988 ut
388 927 532 1006 temporis
555 928 699 1005 exiguitas
726 927 906 1006 postulabat,
933 927 1060 1008 pellibus
1082 928 1270 1010 induxerant,

102 1019 189 1078 tertia
212 1015 322 1096 vigilia,
351 1033 409 1094 qua
432 1017 551 1076 minime
581 1014 691 1075 arduus
719 1016 754 1077 ad
781 1026 899 1077 nostras
926 1020 1106 1078 munitiones
1129 1037 1270 1080 ascensus

103 1104 266 1184 videbatur,
285 1103 423 1165 omnihus
442 1105 535 1183 copiis
558 1106 713 1182 repentino
733 1123 770 1165 ex
788 1104 896 1185 oppido
920 1107 1107 1185 eruptionem
1125 1108 1270 1169 lecerunt.

103 1193 256 1274 Celeriter,
278 1202 312 1253 ut
334 1201 402 1254 ante
426 1191 533 1254 Caesar
556 1193 728 1274 imperarat,
754 1193 875 1273 ignibus
898 1195 1111 1274 significatione
1134 1197 1211 1256 facta
1234 1215 1270 1256 ex
1289 1213 1305 1259 3

103 1285 245 1361 proximis
268 1281 396 1342 castellis
420 1299 455 1342 eo
478 1297 658 1341 cancamum
681 1289 739 1361 est,
762 1291 985 1362 pugnatumque
1012 1282 1048 1344 ab
1071 1283 1207 1345 hostibus
1230 1286 1271 1346 ita

103 1373 212 1432 acriter
235 1380 289 1450 est,
311 1380 345 1430 ut
368 1388 385 1430 a
406 1372 478 1430 viris
501 1367 628 1430 fortibus
655 1372 687 1429 in
710 1379 841 1431 extrema
868 1390 920 1451 spe
948 1369 1052 1432 saisitis
1080 1375 1182 1451 iniquo
1205 1372 1306 1435 locor

102 1469 206 1521 contra
230 1477 290 1539 eos,
313 1461 365 1538 qui
389 1477 425 1519 ex
447 1457 521 1518 vallo
545 1456 738 1538 turribusque
761 1460 819 1521 tela
842 1462 987 1541 iacerent,
1008 1464 1136 1540 pugnari
1158 1460 1270 1542 debuit,

102 1567 171 1608 cum
203 1550 233 1607 in
265 1566 322 1608 una
355 1549 464 1608 virtute
497 1549 593 1607 omnis
621 1565 689 1627 spes
721 1548 824 1610 salutis
859 1550 1044 1610 consisteret.
1090 1548 1204 1610 Occisis
1234 1550 1305 1614 adt

101 1637 256 1697 hominum
278 1635 396 1696 milibus
419 1645 560 1715 quattuor
582 1634 690 1715 reliqui
712 1639 744 1697 in
763 1637 903 1717 oppidum
922 1639 1028 1698 reiecti
1050 1648 1128 1698 sunt.
1157 1637 1305 1704 Posui-e

102 1725 151 1785 die
179 1727 243 1786 eius
272 1725 331 1785 diei
357 1725 494 1786 retractis
522 1727 630 1804 portis,
659 1742 727 1784 cum
754 1728 813 1786 iam
842 1725 1016 1787 detenderet
1047 1744 1148 1808 nemo,
1181 1737 1269 1807 atque

101 1815 281 1874 intromissis
300 1811 444 1874 militibus
462 1814 573 1874 nostris
592 1815 755 1873 sectionem
773 1816 837 1874 eius
856 1813 956 1893 oppidi
975 1815 1142 1876 universam
1162 1813 1270 1876 Caesar

101 1901 240 1962 vendidit.
286 1900 329 1961 hb
353 1904 404 1984 iis,
427 1904 479 1981 qui
501 1910 648 1980 emerant,
676 1904 805 1981 capitum
832 1920 975 1963 numerus
998 1902 1034 1962 ad
1061 1921 1129 1965 eum
1156 1904 1303 1969 relatusv

101 1999 148 2051 est
171 1990 285 2052 milium
308 1992 520 2069 quinquaginta
542 1992 642 2050 trium.

192 2092 243 2157 34.
267 2095 380 2156 Eodem
403 2104 536 2175 tempore
560 2114 577 2155 a
599 2093 704 2156 Publio
729 2095 843 2171 Crasso,
868 2113 956 2174 quem
982 2114 1051 2157 cum
1072 2096 1187 2177 legione
1211 2116 1270 2158 una

102 2187 225 2247 miserat
248 2183 284 2244 ad
302 2181 439 2264 Venetos,
463 2182 606 2263 Venellos,
625 2182 766 2264 Osismos,
786 2183 986 2265 Coriosolitas,
1007 2183 1144 2266 Esubios,
1166 2185 1269 2248 huler-

138 2409 203 2478 Cap.
219 2414 262 2464 33.
283 2414 306 2462 1.
326 2407 366 2463 ab
384 2406 570 2463 militibus:
589 2406 659 2462 iiber
712 2407 809 2464 Fellen
832 2408 996 2479 ribernogen.
1015 2441 1049 2451 -
1072 2428 1138 2481 qna
1160 2410 1198 2466 ist
1222 2412 1269 2467 ed·

101 2480 147 2534 die
179 2478 400 2549 Wiederholnng
435 2495 492 2534 von
522 2477 658 2533 militibus
711 2480 788 2535 verb.
806 2480 877 2536 loci.
896 2511 930 2521 -
954 2481 1130 2536 arduus-
1150 2498 1270 2539 oscen·

100 2553 172 2607 etntt
190 2549 265 2606 eines
283 2549 439 2606 Pronomen
457 2549 514 2620 vgl
530 2556 553 2617 1,
572 2555 607 2605 te
625 2567 659 2604 zu
713 2567 780 2605 sue:
808 2550 931 2620 Beispiel
958 2552 1034 2607 eines
1060 2553 1270 2609 substantivum

102 2624 194 2676 cestre
211 2621 268 2675 und
286 2640 321 2676 uu
339 2627 368 2690 2,
388 2627 431 2678 13.
451 2652 484 2662 -
508 2627 533 2676 2.
551 2623 589 2675 ut
606 2621 660 2676 in·
715 2621 828 2676 verbale
861 2621 907 2678 fur
935 2622 984 2677 das
1013 2623 1149 2692 Supinum
1176 2624 1227 2679 nui
1251 2643 1271 2679 u

100 2692 281 2748 tellectum
319 2695 370 2748 est
400 2693 482 2748 stelle
512 2708 563 2747 vor
594 2693 666 2762 ante,
713 2693 814 2760 (iibere.
830 2708 874 2760 so,
892 2692 934 2746 uls
951 2693 992 2748 sei
1009 2693 1059 2748 dee
1073 2693 1209 2764 Supinum
1221 2711 1269 2764 ge-

100 2763 184 2829 inito;
221 2763 271 2818 das
310 2763 426 2819 betonte
458 2765 524 2819 aute
559 2763 660 2818 meohe
713 2764 805 2831 cetat).
823 2792 859 2803 —
881 2763 1076 2836 repentinoz
1099 2764 1152 2819 hdo
1217 2764 1271 2820 sel-

100 2834 188 2889 dureh
214 2833 415 2904 Hinzutilgung
441 2834 518 2889 eines
546 2833 659 2888 Wortes
712 2835 760 2887 ten
784 2832 1015 2888 vorkommendes
1038 2834 1151 2890 Adverh
1243 2842 1274 2891 3.ν

100 2905 235 2962 deutlich.
264 2905 291 2960 S.
311 2911 336 2973 2,
355 2911 388 2959 21
408 2904 658 2975 repugnantibus.
712 2906 749 2959 ut
780 2934 813 2944 -
845 2903 1033 2985 imperarat
1068 2905 1160 2960 iibere.
1213 2906 1270 2961 ‘cht

100 2975 233 3030 —deni
262 2992 314 3030 ue:
335 2975 503 3044 wenigstens
521 2977 586 3044 (von
604 2974 659 3030 den
712 2975 1268 3045 wdrtlich.-1gnihus2Feuerzeiohcn,

100 3046 220 3116 tibrigen
232 2993 437 3116 truantungen
450 3045 520 3101 wird
534 3045 658 3115 sogleich
713 3076 747 3085 —
765 3051 791 3101 4.
809 3045 868 3115 qui
887 3076 920 3086 -
938 3045 1095 3102 iacerent
1112 3047 1150 3101 ist
1167 3047 1269 3119 Folge·

100 3117 146 3172 die
160 3117 244 3171 letzte
254 3117 311 3172 und
324 3117 467 3186 geringste
476 3115 658 3187 augegeben).
712 3117 785 3184 estu,
813 3117 911 3170 durum
938 3117 988 3172 der
1011 3116 1089 3189 Oonj.
1112 3148 1147 3159 -
1175 3124 1199 3175 5.
1228 3120 1269 3174 nd

101 3218 135 3229 -
155 3185 377 3244 deducturos:
394 3186 518 3244 ntmlich
536 3204 586 3243 aus
603 3187 658 3242 den
711 3185 882 3244 homiuum
904 3188 1060 3244 milibus:
1084 3189 1121 3243 ed
1142 3189 1181 3244 ist
1204 3198 1232 3258 1,
1251 3196 1269 3244 4

100 3257 250 3314 Castellen.
268 3287 304 3300 -
321 3258 569 3328 indiligentius
589 3275 658 3314 ser·
711 3259 824 3314 erklitrt.
843 3290 877 3300 -
897 3265 921 3315 6.
940 3259 1127 3315 sectionem
1146 3288 1179 3300 —
1198 3262 1269 3316 nui·

99 3332 255 3385 saturos:
283 3329 345 3400 Obj.
373 3329 412 3386 ist
435 3329 576 3400 praesidia
600 3329 658 3399 (dic
710 3347 858 3397 versame
877 3330 923 3386 die
937 3331 1112 3386 stmmtliche
1127 3331 1214 3386 bento
1228 3331 1268 3386 im

99 3402 203 3457 Postea
215 3400 246 3454 in
261 3400 492 3471 concentonem
511 3400 585 3458 ube:
604 3399 658 3456 mit
711 3399 824 3457 Gomon
852 3402 940 3457 durch
961 3402 1180 3472 Versteigerung
1206 3418 1268 3457 ver·

99 3472 222 3541 weniger
237 3470 361 3542 Sorgiclt
378 3473 486 3529 hesotct
503 3472 607 3527 hulten.
621 3503 657 3510 —
710 3471 815 3528 kauten
839 3490 875 3528 nn
899 3473 1022 3529 einzelne
1048 3473 1115 3530 oder
1139 3473 1265 3529 mehrere

99 3541 259 3598 cumbis:
278 3541 359 3599 datiir
377 3543 510 3598 own.
530 3543 657 3613 sumptis.
710 3541 827 3613 Khufer,
855 3544 901 3598 die
929 3544 978 3599 das
1002 3543 1142 3601 Geksuste
1165 3543 1269 3599 wieder

99 3644 134 3654 -
153 3616 213 3668 eut
231 3613 419 3669 viminibus
436 3613 582 3670 intextis
601 3613 656 3669 di.
710 3613 740 3667 iu
757 3614 902 3669 kleinereu
914 3614 1032 3671 Theileu
1044 3615 1217 3671 verkeuiteu.
1233 3645 1267 3656 —

99 3684 241 3740 entvveder
254 3685 339 3739 scutis
352 3684 419 3738 vim.
435 3684 543 3754 intent,
557 3701 657 3740 wovon
712 3690 735 3741 7.
754 3700 911 3740 numerus
924 3686 964 3741 ist
976 3686 1083 3742 sowohl
1095 3704 1130 3740 uu
1144 3701 1176 3742 cu
1195 3685 1267 3740 itum

98 3755 150 3810 der
176 3755 258 3809 Nom.
286 3755 373 3810 heisst
399 3758 479 3810 scuta
506 3755 657 3810 viminibus
710 3755 752 3810 uls
766 3773 801 3810 uu
813 3755 922 3811 milium
936 3787 970 3797 -
983 3757 1069 3812 trium
1087 3775 1121 3810 aa
1137 3773 1172 3810 ne
1222 3771 1265 3810 en.

99 3827 220 3893 intexto,
253 3842 284 3880 eo
312 3825 375 3882 dees
401 3827 481 3882 scuta
507 3825 657 3881 viminibus
711 3857 747 3868 -
763 3826 898 3882 relatus
923 3831 986 3882 est:
1010 3828 1154 3883 ubersetze
1177 3826 1263 3881 activ:

98 3897 223 3952 intexere
242 3897 341 3953 heiset:
361 3896 474 3952 Schilde
488 3896 658 4020 verferln'qffl
710 3897 802 3967 gabon
812 3915 841 3954 es
850 3898 909 3952 ihm
923 3897 953 3952 in
967 3899 1016 3954 dar
1025 3896 1207 3965 Berechnung
1221 3912 1265 3951 un.

98 3985 150 4023 aus
174 3967 204 4023 in
226 3968 359 4025 einander
406 3967 578 4023 efloohtenen
626 3985 656 4021 n-

98 4039 181 4107 then,
205 4039 272 4094 oder
294 3986 445 4094 viminitus
462 4039 576 4094 intextis
595 4037 658 4093 sind

99 4110 155 4165 ebl.
180 4109 315 4165 absoluti:
338 4109 476 4166 nnohdem
493 4111 606 4166 Ruthen
628 4111 659 4164 in
712 4109 745 4166 11.
756 4110 807 4166 Die
817 4109 1031 4180 Unterweriong
1039 4108 1264 4165 derSeestoaten.

99 4181 234 4236 einander
269 4181 426 4250 geflochten
461 4198 570 4243 uorem
612 4181 657 4236 die
934 4214 965 4283 (Ο
993 4218 1048 4285 34,
1231 4224 1234 4230 .

100 4251 211 4307 Sohilde
234 4251 388 4308 hestauden
405 4252 474 4308 eber
497 4252 575 4307 nicht
597 4252 658 4308 blos
968 4258 974 4271 '
1030 4257 1036 4270 '

99 4339 149 4377 aus
176 4324 206 4376 in
233 4323 364 4378 einander
386 4322 579 4394 geflochteuen
602 4324 658 4378 Ru·
748 4321 877 4391 Caput.
898 4327 921 4379 1.
941 4321 1178 4379 Coriosolitas:
1198 4324 1267 4379 iiber

98 4395 181 4460 then,
219 4394 338 4449 condem
369 4410 463 4450 waren
496 4395 570 4450 noch
605 4394 659 4448 mit
712 4392 757 4449 die
776 4393 981 4466 Casuseudung
994 4410 1030 4449 os
1045 4413 1072 4448 s.
1086 4399 1227 4462 mess
1241 4409 1286 4441 uu
