2804 4778
158 241 221 306 166
559 240 608 294 DE
627 242 746 296 BELLO
766 241 922 297 cancico

245 405 296 470 52.
320 406 450 487 Longius
477 409 620 486 prosequi
647 410 773 488 veritus,
801 409 879 486 quod
910 408 998 468 silvae
1026 409 1209 488 paludesque
1237 413 1334 472 inter·

157 497 301 558 cedebant
327 516 425 575 neque
454 499 542 556 etiam
571 496 694 575 parvulo
724 497 903 556 detrimento
930 496 1049 557 illorum
1077 497 1176 559 locum
1199 499 1335 579 relinqui

157 586 281 665 videbat,
304 585 441 646 omnibus
465 588 528 646 suis
550 584 750 645 incolumibus
774 587 867 663 copiis
889 585 994 644 eodem
1023 585 1070 645 die
1094 586 1130 645 ad
1154 585 1334 650 Ciceronem

119 677 299 754 npervenit.
345 674 498 734 Institutas
522 681 635 752 turres,
664 672 830 733 testudines
858 675 1097 751 munitionesque
1115 673 1258 749 ¹hostiurn
1282 678 1332 737 ad-

155 766 293 843 miratur3
321 762 437 841 legione
465 761 611 840 producta
638 763 790 838 cognoscit
817 779 877 820 non
907 761 1056 821 decimum
1086 780 1234 841 quemque
1264 783 1332 826 esse

121 865 137 912 3
156 853 306 930 reliquum
325 851 448 911 militem
468 852 532 928 sine
546 848 682 934 vnlnere:
702 867 738 908 ex
756 848 803 908 his
819 848 957 909 omnibus
971 849 1082 909 iudicat
1099 849 1200 932 rebuS,
1219 862 1332 930 quanto

119 953 137 1000 4
156 959 224 1001 cum
247 939 380 1018 periculo
405 947 435 998 et
458 945 567 1016 quanta
590 956 659 997 cum
682 939 791 997 virtute
814 955 864 997 res
891 939 951 997 sint
978 937 1208 1000 administratae.
1248 940 1332 1002 Cice-

155 1047 260 1089 ronem
283 1047 338 1108 pro
362 1029 426 1087 eins
454 1029 560 1086 merito
588 1025 794 1104 legionemque
823 1024 981 1106 collaudat,
1009 1029 1201 1087 centuriones
1229 1029 1333 1108 singil-

154 1119 237 1178 latim
267 1116 463 1193 tribunosque
492 1115 617 1175 militum
645 1113 784 1194 appellat,
813 1131 940 1192 quorum
973 1116 1122 1192 egregiam
1150 1115 1244 1176 luisse
1274 1121 1333 1178 vir-

155 1215 250 1267 tutem
273 1206 443 1265 testimonio
468 1201 620 1263 Ciceronis
644 1211 830 1293 cognoverat.
876 1202 918 1262 De
947 1220 1018 1263 casu
1043 1202 1144 1262 Sabini
1172 1211 1203 1264 et
1226 1203 1333 1267 Cottae

120 1296 267 1355 coertius
299 1312 335 1353 ex
366 1295 488 1371 captivis
518 1294 679 1370 cognoscit.
723 1290 848 1350 Postero
881 1290 928 1350 die
961 1293 1101 1364 contione
1132 1290 1232 1353 babita
1265 1313 1333 1355 rem

120 1389 269 1460 egestam
292 1383 444 1461 proponit,
468 1380 577 1440 milites
605 1379 775 1440 consolatur
804 1388 834 1440 et
862 1380 1030 1440 confirmat:
1061 1380 1140 1458 quod
1167 1380 1333 1443 detrimen-

155 1479 221 1531 tum
243 1469 330 1548 culpa
354 1478 384 1529 et
411 1471 578 1529 temeritate
606 1468 695 1547 legati
722 1469 761 1527 sit
788 1475 956 1548 acceptum,
983 1467 1040 1527 hoc
1068 1469 1217 1546 aequiore·
1232 1473 1333 1532 animo

155 1558 312 1619 ferendum
343 1557 444 1638 docet,
474 1556 553 1635 qnod
583 1556 727 1617 beneficio
763 1554 888 1615 deornm
917 1556 1129 1616 immortalium
1158 1564 1189 1617 et
1218 1561 1333 1620 virtute

155 1665 260 1708 eorum
290 1648 406 1725 expiato
434 1645 620 1705 incommodo
648 1661 746 1722 neque
774 1642 910 1704 hostibus
940 1644 1054 1704 diutina
1084 1644 1201 1705 laetatio
1232 1665 1332 1726 neque

154 1737 227 1816 ipsis
249 1735 365 1814 longior
389 1733 473 1794 dolor
496 1733 690 1811 relinquatur.

243 1837 295 1902 53.
319 1841 442 1901 Interim
465 1839 501 1899 ad
525 1837 688 1899 Labienum
710 1856 764 1918 per
787 1820 897 1898 Remo's
924 1837 1091 1898 incredibili
1114 1839 1268 1902 celeritate
1292 1843 1331 1904 de

155 1933 277 1990 victoria
306 1929 440 1990 Caesaris
470 1929 546 1988 fama
575 1928 739 2008 perfertur,
770 1935 816 2006 nt,
846 1945 915 1985 cum
944 1925 980 1986 ab
1010 1926 1143 1988 bibernis
1175 1928 1331 1992 Ciceronis

155 2019 235 2078 milia
257 2036 399 2098 passuum
422 2016 540 2076 abesset
563 2018 684 2076 circiter
706 2014 770 2095 Lll,
798 2033 892 2093 eoque
916 2022 984 2093 post
1011 2014 1115 2076 horam
1138 2035 1247 2078 nonam
1271 2019 1333 2080 diei

156 2107 264 2168 Caesar
287 2108 485 2186 pervenisset,
513 2112 580 2165 ante
604 2104 731 2164 mediam
754 2109 872 2163 noctem
897 2103 933 2162 ad
956 2112 1058 2181 portas
1081 2112 1251 2166 castrorum
1273 2107 1333 2168 cla·

156 2214 222 2255 mor
245 2203 396 2275 oreretur,
426 2212 485 2271 qno
516 2193 643 2252 clamore
673 2192 846 2271 significatio
874 2193 1015 2251 victoriae
1047 2192 1263 2273 gratulatioque
1295 2196 1333 2256 ab

155 2418 266 2471 henden
284 2415 551 2470 unveriinderlichen
570 2414 716 2469 Construc·
769 2419 794 2469 5.
814 2416 991 2484 proponit,
1011 2447 1044 2454 —
1070 2417 1273 2472 consolatur
1299 2421 1335 2473 eb

155 2489 217 2543 bion
240 2488 289 2541 des
307 2486 340 2541 V.
361 2502 461 2540 exuere
484 2485 514 2538 in
538 2487 588 2540 der
609 2485 716 2540 Beden-
770 2486 969 2540 confirmat:
1007 2486 1052 2542 die
1089 2486 1190 2541 beiden
1227 2488 1334 2544 leizten

154 2562 226 2628 cnng
248 2575 305 2613 von
322 2557 508 2626 „beranben“.
546 2557 591 2611 Sie
610 2556 715 2610 werfen
769 2554 864 2610 Verba
881 2556 977 2610 bilder
991 2558 1081 2612 Einen
1095 2557 1203 2628 Begn'ff
1218 2558 1335 2626 (richteb
1387 2602 1390 2605 -

155 2631 201 2697 die
219 2628 331 2684 Waffen
349 2627 399 2682 anf
414 2628 463 2682 der
481 2627 584 2682 Flucht
601 2644 671 2697 weg.
769 2627 858 2680 durch
884 2628 1026 2683 inostende
1049 2628 1146 2683 Wor'ce
1174 2629 1246 2697 anf),
1273 2632 1335 2686 und

190 2701 257 2770 Cep.
277 2706 319 2754 52.
340 2705 363 2752 1.
383 2698 533 2768 Longius
552 2698 716 2767 prosequi
770 2713 799 2751 es
822 2697 892 2751 wind
916 2698 976 2753 also
1000 2699 1087 2754 durch
1110 2701 1139 2754 ei
1160 2699 1241 2754 nicht
1258 2703 1335 2758 etna

154 2773 301 2840 veritus,
319 2770 408 2839 vergi,
428 2787 450 2824 c.
471 2777 487 2823 6
507 2788 541 2823 ιιι
559 2769 716 2824 interficere
770 2769 917 2822 confirmas
958 2769 1000 2824 als
1041 2770 1140 2825 drittes
1178 2769 1261 2825 Glied
1298 2791 1334 2826 ιιι

108 2854 127 2901 0
154 2845 310 2908 vereretnr3
337 2842 406 2896 iiber
432 2840 564 2909 prosequi
591 2859 612 2894 s.
638 2857 661 2895 c.
683 2845 715 2892 10
770 2838 839 2893 zwei
866 2840 1113 2910 vorhergehenden
1138 2839 1332 2913 hinzugefrigb.

155 2933 188 2968 ιιι
230 2914 470 2982 persequerentur.
514 2942 548 2951 -
589 2927 716 2979 neque
770 2940 804 2948 —
823 2911 990 2979 proponit
1007 2911 1045 2965 ist
1064 2919 1089 2981 3,
1110 2918 1142 2967 18
1161 2911 1278 2969 erklbrt.
1299 2945 1333 2954 -

155 2985 284 3039 eiiam:
308 3009 342 3029 =
369 2999 402 3037 ac
425 2998 461 3035 ne
480 3013 513 3022 —
540 2982 661 3050 quidem.
682 3013 715 3020 —
771 2987 795 3034 6.
815 2981 905 3050 quod
923 2982 1168 3037 detrimentum
1185 2983 1334 3040 ubersetze

155 3055 376 3111 detrimento:
396 3051 482 3106 Dativ
501 3053 568 3106 des?
581 3083 616 3092 -
633 3052 715 3107 illo·
769 3052 843 3105 nach
862 3052 1071 3120 aufgehobener
1087 3053 1276 3124 Umstellung.
1297 3087 1332 3096 —

154 3145 226 3180 rum
249 3127 339 3178 libers.
359 3123 432 3178 nach
451 3128 480 3188 1,
499 3128 515 3176 2
539 3140 573 3175 zu
590 3123 670 3192 regni
688 3123 715 3176 b.
770 3121 831 3176 hoc
850 3123 1027 3190 nequiore:
1053 3124 1107 3179 hoc
1133 3124 1187 3179 wie
1212 3130 1243 3192 1,
1262 3132 1278 3179 2
1303 3127 1334 3180 in

155 3197 322 3249 -locum
345 3192 513 3261 relinqui:
537 3192 614 3247 siebe
638 3199 664 3246 c.'
682 3198 715 3246 35
770 3191 823 3246 hoc
841 3193 959 3248 facilins.

155 3285 189 3320 zu
207 3282 258 3320 nec
276 3264 377 3319 viriati
394 3265 472 3317 locus
487 3264 589 3385 eic.B-
605 3269 629 3317 2.
649 3280 715 3387 ppun

156 3336 325 3391 decimum
343 3350 521 3402 quemque:
560 3332 647 3402 eispie
688 3340 717 3387 ”r
867 3367 873 3379 ·
1171 3370 1177 3383 .

156 3407 211 3461 den
236 3404 384 3460 Gebrauch
409 3419 464 3457 von
489 3403 620 3472 quisque,
650 3404 716 3473 ffige
769 3366 816 3421 VI.
839 3367 891 3423 Die
910 3368 1045 3424 Unruben
1063 3371 1112 3425 des
1130 3371 1256 3471 meers
1275 3390 1333 3428 von

156 3478 216 3532 dies
235 3495 269 3530 ιιι
288 3481 313 3543 1,
327 3480 401 3544 45‚2
420 3473 478 3528 und
499 3481 523 3541 1,
538 3479 563 3528 5.
578 3505 612 3514 -
631 3474 716 3528 mili·
771 3461 806 3510 54
824 3456 875 3510 auf
890 3461 923 3511 53
942 3477 969 3512 v.
984 3457 1047 3514 Chr.
1068 3477 1094 3514 n.
1113 3458 1332 3518 Indutiomarus'

51 3552 54 3556 ’
155 3550 237 3603 tem:
269 3547 363 3600 Mann.
392 3576 426 3585 -
459 3545 532 3599 sine
559 3545 715 3599 vnlnere:
1014 3547 1085 3602 Tod.

155 3618 264 3672 Beweis
287 3635 321 3670 zu
343 3617 393 3670 der
417 3623 445 3683 1,
464 3622 480 3669 2
504 3633 539 3669 zu
558 3616 632 3684 apud
650 3616 716 3671 Hel·

155 3689 247 3745 vetius
273 3691 325 3743 etc.
348 3688 417 3741 iiber
440 3686 485 3741 die
508 3687 716 3757 Wortsiellung
957 3651 998 3722 (Ο
1018 3656 1143 3723 53'58·)

156 3761 320 3831 gegebenen
347 3757 445 3827 Regel.
473 3789 507 3798 -
540 3763 564 3813 3.
597 3774 636 3812 ex
663 3758 716 3812 his
805 3756 1242 3828 Cop.53.1.ndLobienum=
1261 3761 1334 3816 iiber

156 3831 315 3887 omnibus
338 3859 372 3870 -
396 3829 512 3883 rebus:
544 3845 565 3884 s.
589 3834 618 3897 1,
642 3835 658 3883 3
681 3848 715 3883 zu
769 3829 908 3893 Labienus
927 3847 948 3882 s.
968 3845 991 3883 c.
1006 3835 1049 3884 47.
1069 3860 1103 3869 —-
1122 3847 1182 3899 per
1200 3831 1332 3886 Remos:

155 3903 200 3957 bis
215 3903 387 3958 rebus—4.
402 3917 463 3969 pro
482 3900 556 3954 eius
574 3899 714 3954 merito:
769 3899 839 3953 iiber
863 3899 902 3954 sie
925 3899 1002 3954 siche
1021 3918 1044 3956 c.
1064 3906 1099 3954 54
1120 3903 1233 3956 tantum
1256 3904 1334 3972 apud

177 3990 207 4029 ro
230 3973 260 4027 in
279 3972 442 4027 demselben
460 3971 558 4039 Since,
581 3971 649 4025 aber
667 3987 715 4024 an·
770 3971 836 4036 ebc.;
854 3969 986 4038 iibrigens
1009 3988 1060 4040 per
1075 3971 1184 4026 'Remos
1208 3997 1242 4018 ==
1266 3973 1333 4028 dem

156 3991 220 4099 ders
238 4061 272 4097 ιιι
289 4043 454 4099 uberseizen
471 4042 524 4096 wie
543 4050 566 4109 1,
581 4047 597 4096 2
616 4041 646 4095 in
663 4059 714 4110 pro
768 4040 919 4109 folgenden
937 4041 973 4094 ab
992 4042 1100 4110 Remis,
1119 4042 1188 4097 oder
1206 4059 1236 4097 es
1254 4043 1333 4099 kann

156 4114 345 4169 multitudine.
374 4145 407 4154 —
435 4114 482 4168 De
510 4121 589 4168 casu
616 4129 716 4166 -ex
770 4109 894 4166 beissen:
920 4111 1009 4166 durch
1032 4113 1083 4167 das
1101 4112 1181 4168 band
1204 4113 1256 4169 der
1277 4115 1333 4169 Re·

157 4186 309 4254 captivis
324 4184 515 4254 cognoscit:
530 4184 600 4238 iiber
614 4199 716 4252 cogno·
770 4197 837 4236 mer.
883 4183 947 4236 Und
983 4183 1043 4238 dies
1078 4183 1116 4238 isi
1150 4200 1249 4255 wegeu
1282 4186 1332 4240 des

156 4258 210 4312 soit
235 4257 270 4310 de
294 4273 314 4312 s.
334 4261 399 4322 2,2
424 4275 459 4309 zu
477 4272 511 4309 ea
534 4254 713 4324 cognoscanb3
769 4251 921 4322 folgenden
952 4254 988 4308 ab
1020 4253 1115 4309 Remis
1147 4255 1198 4310 dos
1229 4254 1332 4310 Wahr-

147 4327 200 4378 frit
219 4343 257 4379 ex
277 4326 376 4394 aliquo
400 4341 567 4395 cognoscere
588 4325 627 4378 ist
646 4325 717 4378 eben
770 4322 977 4379 soheinlichere.
994 4355 1027 4365 -
1047 4342 1132 4379 cum:
1152 4325 1232 4380 nicbi
1249 4327 1331 4394 ‚,da“.

133 4409 169 4445 so
184 4395 397 4461 gebraucfflion
417 4397 570 4468 abaliquo
586 4412 717 4468 cogn-
772 4425 806 4434 -
826 4411 891 4464 quo
909 4391 1057 4451 clamore
1077 4427 1110 4436 -
1133 4396 1251 4452 fieret:
1281 4397 1333 4452 der
