2804 4778
161 212 228 277 256
501 260 503 264 1
567 209 616 263 DE
634 208 755 264 BELLO
775 207 931 263 GALLICO

163 398 199 440 ex
223 381 339 439 civitate
367 376 588 456 imperandum,
615 393 653 434 ne
682 382 762 435 tanta
785 373 976 435 multitudine
1000 373 1123 434 confusa
1150 392 1206 435 nec
1239 375 1342 435 mode·

162 470 224 528 rari
246 485 301 527 nec
325 467 495 526 discernere
515 482 585 525 suos
608 482 664 524 nec
687 462 889 523 frumentandi
912 465 1058 523 rationem
1075 462 1184 523 habere
1204 472 1341 542 possent.

127 557 314 635 alniperant
337 554 446 614 Aeduis
475 563 563 631 atque
593 570 697 612 eorum
720 551 893 631 clientibus,
922 551 1105 631 Segusiavis,
1134 551 1343 631 Ambivaretis,

164 645 298 704 Aulercis
321 641 567 715 BrannovicibuS,
590 640 780 722 Brannoviis,
806 640 885 700 milia
908 639 1025 720 XXXV,
1052 657 1155 718 parem
1178 659 1344 701 numerum

126 797 129 800 ,
163 734 303 793 Arvernis
331 731 478 791 adiunctis
500 729 658 810 Eleutetis,
687 728 842 809 Cadurcis,
873 726 1001 809 Gabalis,
1032 727 1170 808 VeMavis,
1200 733 1252 807 qui
1285 728 1343 789 sub

127 834 144 882 3
163 823 289 900 imperio
304 821 505 881 Arvernorum
529 837 594 879 esse
619 825 816 897 consuerunt;
841 816 1000 898 Sequanis,
1024 816 1206 897 Senonibus,
1229 817 1343 892 Bituri—

164 909 264 990 gibus,
288 909 439 989 Santonis,
462 907 601 987 Rutenis,
632 905 813 966 Carnutibus
837 905 973 965 duodena
996 904 1088 985 milia3
1115 905 1278 992 Bellovacis
1302 905 1343 987 X,

165 1007 270 1059 octona
299 996 472 1058 Pictonibus
502 1004 533 1055 et
561 995 690 1055 Turonis
721 1003 752 1054 et
780 993 902 1053 Parisiis
932 1001 962 1054 et
993 993 1148 1074 Helvetiis,
1180 994 1343 1074 AmbianiS,

164 1087 406 1165 Mediomatricis,
436 1085 633 1164 Petrocoriis,
663 1082 793 1163 Nerviis,
822 1081 959 1163 Morinis,
991 1081 1214 1161 Nitiobrogibus
1250 1087 1342 1162 quina

165 1174 260 1255 milia,
284 1174 418 1234 Aulercis
439 1172 614 1232 Cenomanis
633 1172 771 1250 totidem3
794 1170 984 1231 Atrebatibus
1002 1170 1051 1251 lV;
1078 1170 1254 1232 Veliocassis
1274 1176 1342 1234 toti-

128 1265 246 1343 4dem3
283 1261 491 1322 Lemovioibus
524 1269 554 1321 et
585 1260 719 1320 Aulercis
751 1258 969 1319 Eburovicibus
1007 1267 1106 1340 terna3
1142 1259 1280 1321 Rauricis
1312 1271 1343 1322 et

76 1412 79 1417 ,
165 1351 246 1410 Boiis
279 1350 361 1430 bina;
393 1349 475 1408 XXX
507 1351 654 1409 universis
683 1346 867 1428 civitatibus,
901 1366 976 1425 quac
1008 1347 1160 1409 Oceanum
1192 1352 1343 1430 attingunt

168 1457 303 1518 quaeque
328 1457 432 1499 eorum
456 1437 671 1498 consuetudine
695 1436 882 1496 Aremoricae
907 1436 1106 1517 appellantur,
1135 1455 1198 1520 quo
1218 1447 1289 1499 sunt
1311 1441 1342 1498 in

165 1546 291 1588 numero
311 1526 516 1605 Curiosolites,
539 1525 689 1605 Redones,
713 1524 888 1606 Ambibarii,
912 1525 1041 1606 CaleteS,
1064 1524 1187 1607 Osismi,
1211 1525 1344 1607 Lexovii,

131 1614 288 1676 oVeuelli.
320 1613 364 1674 Ex
388 1614 434 1675 his
457 1614 604 1674 BeMovaci
627 1632 715 1674 suum
738 1631 896 1673 numerum
921 1633 981 1674 non
1005 1613 1239 1697 compleverunt,
1263 1615 1342 1694 quod

167 1723 198 1764 se
223 1723 277 1764 suo
302 1706 420 1763 nomine
443 1712 531 1782 atque
555 1702 677 1762 arbitrio
702 1719 770 1763 eum
794 1701 933 1762 Romanis
961 1702 1071 1762 bellum
1101 1712 1240 1780 gesturos
1263 1704 1342 1764 dice·

166 1792 239 1852 bant
267 1811 364 1871 neque
396 1794 571 1871 cuiusquam
601 1793 725 1869 imperio
756 1789 1028 1870 obtemperaturos3
1058 1794 1153 1869 rogati
1183 1801 1283 1853 tamen
1306 1791 1342 1852 ab

168 1880 300 1941 Commio
323 1900 378 1960 pro
403 1883 467 1940 eius
490 1881 619 1959 hospitio
644 1878 702 1939 duo
726 1878 806 1939 milia
829 1898 888 1939 una
911 1883 1065 1942 miserunt.

257 1967 307 2030 76.
340 1969 435 2030 Huius
468 1987 558 2047 opera
591 1967 728 2047 Commii,
760 1976 795 2028 ut
826 1975 912 2028 antea
944 1968 1225 2049 demonstravimvn,
1264 1968 1344 2031 fideli

166 2068 255 2137 atque
279 2058 346 2119 utili
369 2057 574 2136 superioribus
597 2058 682 2116 annis
712 2063 776 2116 erat
804 2075 876 2116 usus
904 2059 935 2117 iu
958 2056 1110 2116 Britannia
1134 2056 1254 2138 Caesar,
1278 2061 1343 2138 qui-

166 2146 223 2207 bus
253 2145 301 2206 ille
333 2165 387 2224 pro
416 2148 530 2206 meritis
560 2147 709 2205 civitatem
736 2147 801 2204 eius
829 2146 993 2205 immunem
1016 2163 1081 2205 esse
1113 2148 1254 2226 iusserat,
1278 2149 1344 2209 iura

131 2236 306 2314 elegosque
337 2233 507 2293 reddiderat
536 2241 624 2312 atque
654 2235 711 2312 ipsi
734 2232 865 2292 Morinos
897 2233 1080 2295 attribuerat.
1126 2234 1238 2294 Tamen
1262 2244 1345 2297 tanta

168 2325 323 2382 universae
348 2321 455 2382 Galliae
485 2323 641 2382 consensio
670 2321 726 2381 suit
753 2320 898 2382 libertatis
926 2321 1117 2382 vindicandae
1142 2329 1172 2382 et
1198 2325 1344 2402 pristinae

167 2410 238 2470 belli
259 2409 355 2470 laudis
378 2409 612 2489 recuperandae,
636 2417 670 2469 ut
693 2427 790 2488 neque
814 2404 1087 2489 beneficiis'neque
1111 2413 1257 2472 amicitiae
1281 2432 1343 2474 me-

167 2500 261 2557 moria
294 2505 497 2578 moverentur,
529 2515 692 2576 omnesque
725 2506 755 2557 et
786 2500 884 2558 animo
914 2508 946 2559 et
976 2499 1082 2580 opibus
1111 2502 1141 2559 in
1169 2499 1198 2560 id
1232 2500 1345 2562 beMum

131 2586 385 2650 eincumberent,
433 2586 548 2647 Coactis
580 2588 714 2665 equitum
746 2584 811 2644 Vlll
844 2586 965 2647 milibus
997 2595 1027 2648 et
1058 2587 1192 2667 peditum
1223 2592 1345 2651 circiter

166 2810 730 2951 {actium‘mitteretur
784 2811 1346 2952 lnrrtntrmmtraden

165 2954 274 3021 sehaft,
299 2970 354 3007 von
380 2952 475 3007 seinen
493 2951 676 3022 Mitbiirgern.
695 2982 729 2991 —
783 2952 852 3006 rend
880 2969 910 3006 es
936 2952 977 3006 im
1003 2925 1252 3024 vorhergehended
1280 2956 1344 3010 saa

167 3024 337 3079 rationem
357 3023 483 3077 habere
507 3024 651 3079 ubersetze
668 3023 730 3077 hier
784 3023 855 3091 (iura
881 3052 915 3062 -
939 3023 1111 3092 reddiderat)
1138 3023 1346 3095 hinaugedacht

167 3095 221 3148 mit
251 3095 403 3163 „sorgen“.
437 3125 470 3133 —
504 3100 529 3147 3.
558 3093 729 3149 duodena:
784 3094 1346 3152 werdenmuss.-attribueratcals

170 3181 277 3218 warum
300 3166 345 3219 die
369 3163 618 3219 Distributivaahl?
642 3195 676 3204 —·
705 3171 729 3218 4.
784 3165 830 3218 ein
855 3165 1072 3221 unterworienes
1099 3167 1157 3220 und
1189 3166 1346 3237 zinspflioh-

167 3251 234 3302 quo
260 3237 338 3288 sunt
362 3237 397 3313 in
424 3251 574 3290 numero:
603 3234 679 3290 siehe
705 3241 731 3304 3,
784 3234 857 3304 n'gas
883 3234 965 3290 Vollr.
993 3267 1026 3277 -
1052 3243 1077 3293 2.
1102 3237 1238 3292 Tamen:
1261 3240 1347 3294 achte

167 3312 196 3373 ’7,
216 3313 233 3357 4
250 3322 284 3358 au
302 3300 398 3359 diesen
416 3306 541 3360 Wcrten.
560 3337 595 3345 —
620 3310 646 3360 ὅ.
665 3323 731 3360 non
784 3305 835 3360 anf
856 3305 902 3360 die
926 3307 1062 3377 Stellung.
1101 3308 1183 3363 Siehe
1207 3314 1237 3377 3,
1265 3315 1346 3378 10,1

169 3377 472 3443 compleverunt:
507 3377 620 3430 etellten
652 3376 731 3432 nicht
784 3395 818 3430 au
846 3377 910 3431 dem
934 3378 977 3432 W.
1002 3409 1037 3418 -
1055 3379 1239 3434 universae
1267 3379 1347 3434 Gal-

167 3446 349 3516 vollstendig.
387 3477 422 3485 -
458 3463 518 3515 pro
559 3448 729 3516 hospitio:
784 3447 853 3500 liae
886 3449 1068 3504 consensio
1098 3481 1132 3491 —
1164 3450 1348 3506 libertatis

167 3517 239 3570 iiber
256 3534 306 3586 pro
321 3516 398 3570 siehe
414 3523 439 3585 1,
453 3523 469 3570 2
488 3535 522 3570 zu
539 3535 590 3587 pro
604 3519 730 3573 multitu·
783 3517 1030 3575 vindicandae:
1048 3520 1118 3574 iiber
1136 3520 1182 3574 ein
1200 3521 1347 3577 iihnliches

169 3587 243 3642 dine.
263 3620 296 3626 -
313 3604 395 3647 nna:
428 3605 588 3644 zusammen
605 3589 658 3644 mit
676 3590 730 3644 den
783 3588 914 3658 Beispiel,
934 3589 964 3644 in
982 3591 1119 3646 walchem
1133 3591 1202 3646 awei
1216 3591 1348 3648 Genitive

169 3659 307 3713 Anderen.
783 3676 839 3715 von
865 3660 955 3715 einem
983 3662 1041 3715 und
1064 3662 1228 3717 demselben
1253 3662 1348 3719 Subst.

784 3731 928 3801 abhbngig
943 3732 1014 3800 sind,
1034 3750 1055 3786 s.
1071 3739 1096 3800 1,
1111 3739 1154 3798 30,
1169 3739 1194 3789 2,
1209 3764 1244 3774 -
1259 3734 1349 3789 belli

206 3799 272 3869 Cap.
293 3808 335 3856 76.
369 3807 392 3856 1.
416 3803 453 3855 ut
471 3802 574 3856 antea
593 3801 729 3855 demon·
784 3801 899 3856 laudis
917 3803 1009 3858 iibere.
1029 3803 1116 3858 durch
1136 3804 1188 3858 uin
1208 3804 1348 3861 Wart-

169 3869 366 3927 stravimus:
390 3890 410 3927 s.
431 3879 460 3941 4,
479 3878 522 3927 21.
547 3902 582 3911 —
606 3871 730 3926 civita-
784 3872 909 3927 animo:
924 3873 1348 3944 mitvollerundganaerseele.

169 3946 248 3996 tem:
280 3943 329 3997 der
358 3944 522 3998 Atrebatem
554 3973 587 3981 -
613 3942 730 3995 immu·
784 3943 878 4012 Vergl.
903 3944 956 3998 mit
978 3944 1082 4000 diesem
1104 3945 1252 4000 Ausdruck
1276 3953 1305 4015 6,
1327 3955 1349 4016 ¹t

168 4029 261 4066 nem:
298 4014 474 4084 abgabefrei,
511 4012 663 4068 steuerfrei.
695 4043 730 4052 -
784 4015 860 4069 totus
879 4018 908 4069 et
926 4018 1021 4070 mente
1040 4020 1069 4094 et
1086 4017 1180 4071 animo
1194 4015 1350 4072 inballum

169 4083 389 4139 reddiderat
412 4087 523 4153 atque
546 4083 638 4152 ipsi:
662 4085 731 4138 iiber
786 4085 1006 4142 *insistit—
1028 4087 1119 4141 inid
1141 4088 1271 4143 bellum
1294 4087 1349 4144 in·

166 4155 254 4224 ¹atqtm
278 4173 297 4209 s.
322 4161 352 4225 t,
377 4160 423 4222 153
446 4155 476 4209 in
500 4155 563 4210 dem
582 4155 670 4209 durch
689 4157 731 4208 at·
785 4157 996 4211 cumberent:
1015 4157 1138 4228 Beispiel
1155 4159 1200 4212 fiir
1214 4159 1260 4212 die
1275 4159 1348 4216 Gon-

169 4242 224 4293 que
248 4227 334 4280 etwas
352 4227 444 4280 Neues
469 4227 525 4280 und
543 4226 730 4294 Wichtigeres
784 4226 921 4281 struction
944 4244 999 4282 von
1022 4229 1184 4284 incumbere
1209 4227 1240 4283 in
1258 4234 1349 4287 meta*

168 4295 394 4366 hinaufiigenden
408 4295 560 4351 Godanken
575 4297 645 4366 liegt
658 4297 730 4350 anch
784 4297 961 4366 phorischem
984 4299 1077 4356 Sinne.
1100 4331 1136 4340 -
1159 4307 1184 4354 3.
1204 4300 1348 4358 Coactis

167 4365 220 4418 der
246 4365 354 4435 Grund,
382 4384 489 4422 warum
513 4368 619 4422 diesem
647 4365 729 4422 Setae
784 4399 818 4407 —
842 4369 938 4424 haec:
963 4370 1039 4425 siche
1063 4377 1092 4440 3,
1117 4377 1151 4424 14
1169 4389 1204 4425 an
1222 4372 1349 4430 turribus
