2804 4778
141 215 205 278 106

536 216 585 269 DE
604 216 722 272 BELLO
742 216 900 272 Gannico

133 385 240 442 itinere
270 383 421 461 congressi
451 400 644 462 magnopere,
673 400 711 442 ne
745 382 862 460 lougius
894 383 1141 463 progrederetur,
1171 383 1307 445 orabant.

96 469 208 531 2Cnm
230 472 260 531 id
284 489 343 530 non
365 473 584 550 impetrassent,
607 469 755 550 petebant,
779 474 823 531 nti
846 471 881 532 ad
906 490 957 531 eos
980 474 1104 550 equites,
1129 475 1181 551 qui
1199 490 1308 550 agmen

133 562 376 641 antecessissent,
406 561 612 639 praemitteret
644 577 754 638 eosque
783 578 881 638 pugna
910 559 1097 639 prohiberet,
1129 559 1247 639 sibique
1276 570 1310 621 ut

96 657 309 727 apotastatem
333 649 445 708 faceret
467 651 498 707 in
522 647 613 707 Ubios
636 647 747 725 legatos
776 648 926 727 nrittendi3
954 666 1082 726 quorum
1106 651 1132 708 si
1154 651 1309 728 principes

133 755 166 796 ac
191 746 311 798 senatus
334 735 391 797 sibi
419 736 610 797 iureiurando
639 736 726 796 fidem
750 737 883 816 fecisset,
911 755 945 796 ea
974 737 1162 815 condicione,
1191 755 1268 815 quae
1293 755 1309 797 a

133 824 257 886 Caesare
282 827 425 904 ferretur,
453 843 484 884 se
513 842 621 885 usuros
650 823 859 885 ostendebant:
889 824 925 884 ad
953 824 1005 884 has
1029 843 1078 884 res
1107 824 1309 886 conficiendas

96 928 114 976 4
133 913 190 974 sibi
213 915 305 975 tridui
328 916 456 994 spatium
479 912 571 973 daret.
612 912 691 973 Haec
715 914 813 973 omnia
832 912 939 973 Caesar
962 913 1067 973 eodem
1085 913 1135 973 illo
1153 915 1308 992 pertinere

133 1002 346 1083 arbitrabatur,
372 1009 407 1062 ut
429 1002 520 1062 tridui
543 1019 625 1061 mora
652 1003 827 1080 interposita
855 1003 971 1079 equites
1002 1020 1120 1082 eorum,
1147 1005 1199 1081 qui
1223 1001 1309 1062 abes-

133 1100 208 1171 sent,
232 1099 467 1170 reverterentur,
490 1099 589 1150 tamen
608 1108 675 1150 sese
697 1108 758 1150 non
780 1089 898 1169 longius
918 1088 1036 1150 milibus
1059 1108 1202 1169 passuum
1222 1099 1308 1169 quat·

96 1188 203 1242 otuor
225 1181 391 1256 aquationis
418 1196 506 1238 cansa
536 1196 748 1257 processurum
776 1197 811 1238 eo
835 1177 882 1238 die
906 1178 993 1239 dixit:
1020 1178 1079 1238 huc
1107 1187 1229 1257 postero
1259 1179 1309 1240 die

133 1286 221 1346 qnam
235 1268 469 1346 frequentissimi
488 1270 690 1347 convenirent,
703 1276 737 1327 nt
751 1267 786 1327 de
807 1285 911 1327 eorum
928 1265 1086 1346 postulatis
1101 1278 1307 1345 cognosceret.

95 1355 255 1420 aluterim
275 1355 311 1415 ad
334 1356 510 1436 praefectos,
533 1357 585 1434 qui
608 1374 676 1415 cnm
696 1358 775 1415 omni
795 1357 928 1434 equitatu
952 1363 1182 1436 antecesserant,
1206 1359 1309 1437 mittit,

134 1447 184 1521 qui
208 1446 388 1523 nuntiarent,
411 1462 448 1503 ne
472 1443 574 1504 hostes
596 1443 709 1522 proelio
732 1443 914 1504 lacesserent
933 1451 972 1524 et,
996 1447 1021 1503 si
1044 1445 1100 1523 ipsi
1123 1443 1309 1505 lacesseren-

133 1541 191 1612 tur,
214 1534 406 1612 sustinerent,
430 1531 526 1610 qnoad
549 1535 612 1611 ipse
636 1550 704 1592 cunr
728 1535 859 1593 exercitu
883 1534 1007 1611 propius
1030 1535 1216 1593 accessisset.

224 1617 272 1681 12.
296 1620 334 1680 At
356 1621 466 1701 hostes,
483 1619 536 1681 ubi
559 1622 687 1699 primum
706 1630 825 1681 nostros
844 1623 959 1699 equites
981 1630 1212 1702 conspexerunt,
1230 1640 1307 1701 quo-

133 1727 200 1769 rum
223 1717 287 1768 erat
315 1711 446 1787 quinque
473 1709 587 1769 milium
611 1726 766 1789 numerus,
797 1728 864 1770 curn
888 1711 952 1788 ipsi'
974 1727 1034 1769 non
1056 1708 1183 1787 amplius
1208 1709 1307 1772 DCCC

134 1799 248 1874 equites
271 1797 425 1878 haberent,
448 1797 526 1876 quod
550 1800 584 1877 ii,
608 1799 658 1875 qui
682 1796 882 1857 frumentandi
907 1815 995 1858 causa
1018 1799 1115 1858 ierant
1138 1804 1222 1858 trans
1245 1798 1309 1859 Mo·

133 1904 203 1958 sam,
227 1887 358 1946 nondum
382 1886 541 1966 redierant,
560 1885 633 1946 nihii
654 1885 828 1947 timentibus
848 1888 966 1966 nostriS,
991 1886 1069 1964 quod
1092 1885 1180 1964 legati
1200 1904 1310 1949 corum

132 1975 219 2053 panio
234 1983 302 2035 ante
316 1994 332 2035 a
347 1974 472 2035 Caesare
487 1974 685 2035 discesserant
700 1983 788 2053 atque
803 1977 828 2034 is
843 1975 906 2033 dies
920 1973 1043 2034 indutiis
1058 1981 1121 2034 erat
1135 1973 1172 2033 ab
1193 1974 1241 2035 bis
1257 1994 1309 2056 pe-

94 2078 113 2126 2
133 2065 218 2143 titus,
232 2066 345 2143 impetu
360 2064 437 2124 facto
453 2063 590 2124 celeriter
605 2071 724 2123 nostros
737 2062 1001 2143 perturbaverunt3
1021 2081 1128 2123 rursus
1141 2065 1312 2126 resistenti-

120 2256 253 2320 ·ceptum.
267 2282 302 2291 -
322 2256 346 2306 2.
362 2251 620 2320 impetrassent:
639 2250 690 2304 wir

133 2325 205 2376 auctr
229 2323 274 2376 ein
297 2322 411 2376 anderes
430 2322 559 2390 Tempus.
579 2353 610 2360 -
632 2320 690 2390 qui

134 2410 254 2461 agmen
294 2393 564 2447 antecessissent
599 2393 688 2446 iibens.

133 2465 205 2517 nach
227 2473 248 2531 1,
264 2470 279 2518 8
298 2482 332 2516 ιιι
351 2479 434 2531 quam
450 2493 483 2502 ·-
498 2463 689 2518 constituerat.

134 2565 167 2574 —
199 2535 441 2603 praemitteret
473 2534 544 2588 ohne
577 2533 689 2603 Objeet:

132 2605 323 2660 vorschicken.
356 2605 450 2675 Vergf.
471 2611 497 2671 7,
516 2610 549 2659 85
574 2622 607 2658 zu
626 2605 689 2658 sub·

133 2676 229 2731 mittit.
246 2707 279 2715 -
294 2677 429 2745 legatos
448 2675 625 2730 mittendi:
644 2675 692 2729 da·

131 2747 176 2800 fiir
199 2748 304 2802 kdnute
323 2765 352 2801 es
370 2748 442 2802 auch
464 2747 594 2801 heissen?
615 2777 646 2784 -
666 2752 691 2800 3.

133 2819 357 2873 iureiurando
372 2818 477 2872 fidem
488 2849 521 2857 -
536 2817 691 2871 fecisset:

131 2890 183 2942 wir
197 2890 270 2944 auch
284 2889 330 2943 ein
344 2890 460 2943 anderes
471 2889 607 2957 Tempus3
623 2887 693 2942 iiber

131 2961 187 3014 den
206 2961 282 3029 Sing.
301 2960 416 3014 fecisset
438 2977 458 3014 a.
478 2965 508 3026 2,
527 2965 561 3013 26
580 2977 614 3012 ιιι
632 2975 692 3011 ver-

131 3034 247 3086 saretur.
290 3029 368 3083 Sinn:
398 3030 448 3083 das
476 3030 596 3083 eidliche
624 3029 691 3082 Ver-

131 3103 267 3170 sprechen
300 3101 350 3155 der
378 3101 534 3153 Sicherheit
564 3099 691 3169 gegeben

132 3172 225 3238 h'atte,
245 3173 271 3226 d,
282 3172 300 3224 i.
317 3171 501 3239 versprochen
519 3171 607 3234 hatte,
627 3171 690 3224 dass

133 3241 173 3294 sie
197 3242 256 3295 sich
282 3241 368 3295 ihnen
393 3242 484 3295 sicher
507 3244 692 3295 anrertranen

132 3312 266 3366 kbnnten.
286 3341 320 3351 -
340 3311 558 3366 condicione:
577 3312 647 3366 iiber
664 3311 691 3364 d.

133 3382 299 3450 Bedeutung
326 3401 347 3436 s.
371 3387 395 3449 1,
424 3387 467 3450 40,
495 3389 525 3449 3,
551 3383 620 3436 iiber
647 3382 692 3436 die

123 3453 223 3507 ,Sache
242 3470 265 3507 c.
285 3459 310 3506 8.
330 3483 363 3492 -
388 3469 507 3507 usuros
527 3484 560 3493 -
580 3453 692 3508 daret:

132 3524 186 3577 wie
209 3524 306 3578 weiter
329 3525 416 3577 unten
439 3540 632 3588 processurum
657 3555 689 3562 —

132 3595 314 3649 convenirent
323 3594 427 3649 wieder
436 3595 574 3664 Beispiele
584 3595 690 3648 wofiir?

133 3697 166 3705 —
186 3665 227 3718 ad
245 3666 305 3720 has
321 3697 353 3704 —
373 3666 611 3720 conficiendas
629 3667 690 3720 iibs.

132 3737 219 3791 durch
233 3737 287 3791 Ein
299 3737 385 3791 Wort.
398 3769 429 3776 -
445 3743 470 3790 4.
490 3736 606 3791 eodem
625 3736 690 3790 illo

132 3809 319 3877 pertinere:
348 3808 451 3876 gehbre
479 3807 616 3862 ebenfalls
644 3808 691 3861 da-

131 3880 194 3946 hin,
214 3879 337 3933 n'amiich
356 3898 390 3933 nu
408 3878 485 3946 dem,
504 3896 562 3932 was
581 3884 630 3934 eb
651 3895 691 3932 er-

130 3951 229 4004 wahnt
242 3949 287 4004 ist.
302 3980 336 3988 —
355 3949 577 4018 interposita:
598 3967 618 4004 s.
630 3966 653 4003 c.
664 3955 689 4002 9.

133 4051 165 4059 -
186 4020 245 4089 qui
263 4022 426 4075 abessent
444 4020 557 4083 verttitt
570 4019 616 4073 ein
630 4020 692 4090 Adj.

133 4122 166 4130 —
181 4093 453 4145 reverterentur:
468 4092 536 4145 iiber
551 4090 596 4144 die
610 4092 694 4146 Ktaft

131 4162 180 4216 des
200 4160 278 4232 Conj.
298 4161 375 4216 siehe
395 4168 446 4226 1‚e
465 4180 498 4215 zu
518 4161 692 4218 ducerentur.

133 4263 166 4271 -
186 4237 211 4286 ὃ.
231 4235 469 4302 cognosceret:
488 4232 693 4299 interierant,

128 4309 199 4354 ιιι
219 4319 254 4356 ea
270 4333 302 4342 -
319 4304 541 4372 cognoscant-
556 4311 581 4358 6.
596 4320 694 4373 prae-

111 4370 252 4425 fectos:
277 4373 387 4427 welche
404 4374 543 4443 praefecti
564 4374 627 4430 sind
645 4391 694 4430 na-

743 2250 846 2304 tiirlich
872 2251 935 2305 hier
963 2269 997 2304 ιιι
1028 2250 1197 2305 verstehen?
1230 2251 1312 2309 siehe

744 2320 870 2390 dagegen
897 2329 925 2388 1,
945 2327 979 2375 39
1005 2339 1040 2375 zu
1066 2321 1129 2375 dem
1155 2321 1246 2378 Wort.
1276 2356 1310 2365 —

743 2392 868 2459 mittit,
901 2391 960 2461 qui
990 2391 1209 2446 nuntiarent:
1245 2393 1311 2451 Bei-

744 2462 814 2530 spiei
833 2481 867 2515 zu
886 2464 1005 2517 welcher
1023 2463 1129 2517 Labra?
1150 2494 1183 2502 -
1207 2481 1311 2533 proe-

743 2532 805 2586 lio:
834 2552 855 2587 s.
885 2540 914 2601 1,
942 2539 976 2587 15
1004 2551 1037 2587 zu
1064 2533 1128 2587 dem
1153 2533 1245 2590 Wort.
1276 2568 1311 2577 -

745 2604 973 2658 sustinerent:
994 2604 1097 2658 sollten
1115 2604 1198 2674 ruhig
1218 2605 1311 2662 Stand

745 2674 855 2741 halten,
889 2675 969 2729 nicht
1000 2675 1119 2729 offensiv
1150 2675 1310 2733 verfahren.

746 2745 840 2814 VergI.
856 2751 917 2812 2,6
937 2746 1021 2800 Euda.
1041 2776 1075 2786 -
1094 2746 1221 2814 quoad:
1242 2749 1314 2804 iiber

746 2816 791 2869 die
816 2815 1010 2870 Construction
1034 2816 1110 2870 siche
1136 2825 1163 2884 1,
1184 2823 1213 2886 7,
1234 2825 1251 2872 6
1276 2838 1313 2874 ιιι

746 2887 813 2941 dum
863 2887 960 2941 Damit
986 2887 1074 2956 vargi,
1097 2894 1126 2942 c.
1152 2894 1185 2942 12
1215 2892 1313 2958 quoad

745 2957 847 3026 potuit.

782 3027 848 3097 Cap.
868 3034 910 3081 12.
931 3034 955 3081 1.
974 3028 1033 3082 ubi
1051 3028 1199 3098 primum
1218 3054 1254 3076 ε-
1274 3033 1312 3086 si-

745 3099 851 3165 mulam
877 3099 927 3152 der
945 3099 1084 3153 Nachsatz
1110 3100 1229 3169 beginnt
1256 3104 1313 3158 mit

746 3169 818 3223 nihil
839 3170 1004 3224 timentibus
1027 3171 1137 3225 nostris.
1162 3201 1196 3210 —-
1226 3190 1313 3241 quo-

745 3258 818 3293 rum
836 3244 912 3295 arat
930 3241 1108 3296 aiberssnaeh
1128 3247 1201 3308 1,15
1218 3261 1254 3298 zu
1272 3245 1313 3300 ad

746 3327 899 3365 numerum.
924 3342 957 3350 —
983 3329 1069 3367 cum:
1098 3313 1233 3368 wahrend
1261 3315 1313 3370 da-

746 3398 844 3450 gegen.
860 3414 893 3422 -
912 3382 993 3451 ipsi:
1013 3383 1089 3437 siehe
1109 3389 1133 3451 1,
1150 3389 1166 3436 ὃ
1186 3401 1222 3438 au
1240 3386 1313 3455 ipse.

747 3483 780 3493 —
813 3469 877 3506 non
910 3453 1059 3522 amplius
1086 3453 1178 3509 DCCC
1212 3457 1315 3524 equi-

744 3525 815 3578 tes:
849 3523 972 3593 Beispiel
1006 3525 1052 3578 fiir
1082 3523 1204 3594 amplius
1236 3529 1314 3584 ohne

745 3611 837 3662 quam.
871 3625 905 3636 ·-
937 3597 1057 3664 atque:
1094 3596 1173 3650 nicht
1204 3599 1313 3664 „und“.

745 3696 778 3705 ·-
811 3672 960 3721 nostros
997 3667 1315 3736 perturbaverunte

744 3737 814 3791 iiber
840 3739 890 3791 das
918 3738 991 3791 nach
1019 3737 1083 3791 dem
1113 3737 1228 3793 Ablativ
1258 3741 1312 3796 ab·

745 3808 795 3862 sol.
815 3807 979 3862 timentibus
1004 3809 1106 3862 nostris
1124 3808 1312 3868 wiederholte

745 3881 854 3933 nostros
873 3897 893 3932 s.
913 3885 938 3946 3,
957 3885 990 3933 14
1009 3897 1042 3933 ιιι
1060 3879 1182 3935 turribus
1201 3881 1311 3937 excita-

743 3949 796 4018 tis,
819 3949 878 4003 has
916 3949 979 4004 Wie
1003 3950 1109 4004 konnte
1132 3949 1219 4005 Casas
1243 3951 1314 4008 kiir-

747 4036 792 4074 ner
810 4027 914 4089 sagea?
929 4051 963 4061 -
982 4026 1007 4076 2.
1022 4039 1150 4075 rursus:
1169 4023 1314 4080 nachdem

747 4091 787 4145 sie
806 4090 901 4145 friiher
914 4091 1071 4160 perturbati
1085 4109 1186 4146 waren.
1201 4123 1236 4133 -—
1254 4111 1293 4151 re
1302 4128 1314 4138 -

748 4162 972 4216 sistentibus:
993 4163 1063 4217 ciazu
1077 4163 1115 4216 ist
1128 4163 1178 4217 das
1192 4163 1314 4236 Subject

746 4231 834 4286 leieht
852 4252 886 4287 ιιι
904 4239 1056 4304 erganzen:
1081 4234 1131 4288 das
1151 4233 1314 4294 Pronomen

746 4302 817 4356 wird
837 4322 901 4369 nur,
920 4321 1002 4358 wenn
1021 4305 1066 4358 die
1085 4305 1189 4359 Person
1207 4305 1315 4367 namna

746 4374 832 4444 uird,
856 4393 918 4429 zum
943 4375 1007 4431 Abi.
1031 4377 1090 4430 abs.
1117 4376 1192 4432 eines
1219 4377 1316 4438 Parti·
