2804 4778
448 249 853 304 mmmmmm
980 234 982 239 '
1176 247 1239 311 m

62 421 152 481 dictis
171 419 385 478 discessionem
409 418 535 478 faciente
554 415 701 496 Marcello,
724 417 776 493 qui
800 414 856 475 sibi
875 433 992 476 omnem
1012 416 1185 494 dignitatem
1205 433 1242 474 ex

64 508 200 570 Caesaris
224 506 333 566 invidia
357 505 527 586 quaerebat,
551 513 672 565 senatus
695 504 837 581 frequens
860 506 891 565 in
916 504 970 564 alia
993 506 1091 564 omnia
1115 504 1241 563 transiit.

65 596 181 669 Quibus
206 613 266 655 non
289 594 502 673 frangebantur
526 595 616 654 animi
638 594 827 653 inimicorum
852 592 1002 673 Caesaris,
1026 591 1077 652 sed
1102 591 1276 651 admone-2

63 686 187 766 bantur,
216 702 274 762 quo
299 685 426 743 maiores
449 691 589 761 pararent
612 682 819 762 necessitateS,
848 680 956 760 quibus
980 683 1045 760 cogi
1069 688 1171 758 posset
1194 697 1239 739 se-

63 781 152 834 natus
175 773 205 833 id
228 771 372 852 probare,
396 772 474 850 quod
498 773 556 850 ipsi
578 771 812 831 constituissent.

153 859 205 922 54.
242 861 289 941 Fit
317 860 424 920 deinde
453 867 573 919 senatus
602 859 770 919 consultum
800 867 833 919 ut
866 860 901 919 ad
930 858 1040 918 bellum
1067 856 1240 916 Parthicum

62 952 139 1030 legio
168 968 226 1011 una
255 968 270 1008 a
303 948 354 1008 Cn.
377 947 531 1029 Pompeio,
560 947 650 1008 altera
675 966 690 1006 a
717 947 747 1006 C.
772 946 897 1007 Caesare
925 949 1109 1025 mitteretur3
1141 962 1239 1023 neque

64 1039 191 1100 obscure
216 1038 291 1098 duae
314 1037 446 1116 legiones
470 1039 522 1097 uni
545 1035 751 1097 detrahuntur.
793 1036 866 1096 Nam
891 1035 943 1095 Cn.
965 1034 1125 1113 Pompeius
1149 1033 1274 1111 legio-2

62 1146 130 1189 nem
159 1128 300 1205 primam,
333 1144 420 1204 quam
449 1126 484 1185 ad
514 1125 668 1185 Caesarem
697 1127 826 1204 miserat,
860 1125 1024 1184 conlectam
1055 1142 1090 1183 ex
1122 1122 1239 1182 delectu

64 1218 235 1296 provinciae
265 1213 407 1294 Caesaris,
442 1232 506 1274 eam
534 1221 682 1292 tamquam
707 1231 743 1273 ex
767 1232 822 1273 suo
846 1231 970 1273 numero
999 1212 1088 1272 dedit.
1135 1209 1275 1271 caesara

62 1314 172 1386 tamen,
195 1322 263 1364 cum
287 1302 324 1362 de
347 1302 496 1362 voluntate
515 1304 636 1362 minime
661 1301 783 1362 dubium
808 1311 889 1362 esset
911 1302 1148 1362 adversariorum
1172 1317 1239 1359 suo·

64 1412 142 1474 rum,
164 1391 306 1470 Pompeio
326 1390 472 1470 legionem
492 1393 606 1451 remisit
625 1398 655 1451 et
679 1409 733 1449 suo
756 1393 875 1450 nomine
894 1389 962 1471 XV,
987 1407 1074 1469 qnam
1098 1391 1129 1448 in
1149 1387 1239 1447 Gallia

63 1484 203 1543 citeriore
227 1480 380 1560 habuerat,
403 1498 438 1539 ex
463 1487 585 1540 senatus
608 1480 743 1539 consulto
767 1478 849 1539 iubet
872 1479 958 1539 tradi.
1000 1478 1034 1538 ln
1053 1480 1118 1537 eins
1142 1475 1239 1559 locum

62 1572 180 1631 tertiam
201 1569 345 1629 decimam
364 1568 511 1646 legionem
529 1571 560 1628 in
580 1568 691 1628 ltaliam
711 1570 809 1641 mittit,
834 1586 909 1647 quae
928 1566 1075 1647 praesidia
1094 1572 1240 1644 tueretur,

63 1678 99 1720 ex
132 1656 240 1737 quibus
270 1657 426 1736 praesidiis
455 1660 558 1736 quinta
590 1657 704 1717 decima
732 1657 942 1717 deducebatur.
995 1655 1062 1734 lpse
1096 1655 1241 1714 exercitui

62 1746 214 1809 distribuit
237 1746 376 1806 hiberna:
401 1745 431 1806 C.
447 1746 628 1806 Trebonium
649 1764 717 1806 eum
740 1745 907 1824 legionibus
931 1752 1073 1823 qrrattuor
1091 1745 1123 1802 in
1136 1741 1275 1820 Belgica

62 1835 202 1916 collocat,
236 1834 266 1894 C.
290 1833 415 1895 Fabium
448 1854 515 1895 cum
548 1828 672 1895 totidem
698 1836 730 1894 in
758 1834 876 1899 Aeduos
905 1833 1033 1893 deducit.
1083 1831 1131 1891 Sic
1161 1833 1275 1890 enims

61 1923 252 1986 existimabat
284 1925 463 1983 tutissimam
495 1924 558 1983 lore
583 1922 718 2003 Calliam,
752 1925 776 1982 si
804 1922 923 2001 Belgae,
957 1938 1084 1999 quorum
1114 1921 1240 1978 maxima

62 2016 169 2095 virtus,
192 2011 296 2092 neum,
319 2030 448 2091 quornm
467 2014 627 2072 auctoritas
651 2030 765 2072 summa
790 2018 877 2091 esset,
902 2007 1083 2070 exercitibus
1107 2009 1239 2067 contine·

64 2108 181 2162 rentur.
227 2100 293 2179 lpse
317 2103 348 2160 in
371 2100 483 2161 ltaliam
506 2101 660 2179 profectus
684 2108 737 2160 est.

154 2185 205 2251 55.
236 2189 301 2259 Quo
326 2208 393 2249 cum
418 2191 560 2270 venisset,
584 2191 736 2268 cognoscit
758 2207 812 2267 per
838 2186 867 2247 C.
891 2185 1062 2246 Marcellum
1087 2182 1239 2245 consulem

62 2278 198 2358 legiones
226 2277 300 2337 duas
329 2276 364 2337 ab
389 2296 420 2337 se
450 2281 603 2358 remissas,
631 2296 706 2356 quae
730 2297 766 2338 ex
791 2283 911 2336 senatus
935 2274 1070 2335 consulto
1095 2272 1240 2333 deberent

63 2368 101 2428 ad
131 2365 303 2426 Parthicum
331 2365 442 2426 bellum
470 2366 553 2447 duci,
582 2366 633 2426 Cn.
657 2366 799 2446 Pompeio
831 2365 954 2425 traditas
982 2370 1070 2442 atque
1098 2365 1129 2422 in
1159 2359 1240 2421 ltalia

64 2463 198 2516 retentas
227 2472 302 2514 esse.
348 2453 410 2514 Hoc
441 2455 518 2514 facto
548 2461 726 2534 quamquam
751 2462 814 2515 erat
836 2453 910 2514 nulli
934 2452 1072 2533 dubium,
1100 2450 1276 2529 quidnama

63 2551 169 2605 contra
195 2542 351 2603 Caesarem
373 2551 539 2624 pararetur,
563 2552 661 2604 tamen
681 2543 788 2604 Caesar
812 2545 908 2602 omnia
932 2541 1070 2620 patienda
1093 2557 1159 2600 esse
1184 2545 1240 2598 sta-

61 2635 136 2712 tuit,
168 2631 263 2710 quoad
292 2630 348 2692 sibi
378 2650 446 2711 spes
474 2631 571 2710 aliqua
599 2632 820 2711 relinqueretur
843 2633 909 2691 iure
932 2632 1032 2708 potius
1056 2625 1241 2707 disceptandi

63 2738 152 2800 qrram
177 2719 247 2780 belli
271 2719 405 2798 gerundi.
453 2720 612 2781 Contendit
635 2768 797 2782 ......
1081 2738 1083 2742 ·

62 2873 152 2928 durch
194 2873 254 2927 eine
290 2874 337 2927 lex
373 2871 514 2927 Trebonio
550 2875 625 2941 (rom
679 2873 728 2926 der
752 2871 919 2928 Statthulter
941 2889 997 2927 von
1020 2869 1117 2939 Syrien
1139 2868 1176 2922 M.
1196 2866 1241 2921 Bi·

62 2943 284 2999 Volkstribnnen
304 2944 468 3012 Trebonius)
489 2944 553 2998 dem
575 2943 625 2998 Cb-
679 2945 761 2998 buius
779 2944 818 2998 im
837 2945 905 2998 Jebr
924 2949 958 2998 50
978 2942 1059 2997 einen
1076 2955 1168 2994 neuen
1186 2938 1241 2991 An·

62 3031 109 3070 ser
128 3015 204 3069 scine
219 3014 479 3070 Statthulteracbnft
497 3014 625 3069 aufwei-
679 3014 747 3085 griff
772 3014 954 3069 beidrohtete.
992 3013 1077 3067 Jeder
1102 3026 1157 3064 von
1183 3007 1242 3063 bei-

61 3089 123 3141 tere
152 3090 167 3139 5
195 3085 279 3141 Jabre
311 3087 472 3156 werlbngert
502 3086 625 3140 worden.
679 3087 733 3139 don
752 3085 834 3140 sollte
853 3084 915 3140 eine
933 3084 1041 3154 Legion
1061 3082 1159 3152 geben.
1198 3079 1242 3133 Dc

61 3157 121 3211 Vor
139 3156 247 3211 Ablauf
267 3156 356 3212 dieser
374 3157 435 3214 Zeit
458 3158 535 3226 (onte
555 3159 625 3211 tem·
678 3156 807 3211 indessen
824 3155 975 3225 Pompejua
998 3153 1058 3221 die,
1081 3151 1188 3206 welche
1212 3167 1242 3204 er

61 3230 140 3298 pua),
162 3227 328 3296 beantregte
351 3226 514 3293 Marcellus,
543 3226 625 3282 sollte
680 3227 705 3281 d.
721 3226 807 3281 unsar
821 3224 949 3295 gelichen
965 3225 1054 3290 hatte,
1071 3220 1241 3288 bestimmte,

63 3298 110 3353 ein
128 3297 413 3368 NachfolgerC'eisara
433 3300 551 3352 ernannt
568 3298 626 3351 und
679 3293 1242 3363 woriibers.6‚1undkeinewonden
1314 3340 1318 3347 .

64 3369 130 3425 dem
149 3367 234 3422 Cbaer
252 3369 331 3423 nicht
349 3368 485 3439 gestuttet
504 3369 625 3434 werden,
680 3366 832 3437 Legionen,
852 3366 958 3421 welche
977 3365 1037 3420 rich
1056 3363 1102 3419 bei
1117 3364 1177 3419 ihm
1195 3363 1241 3418 be-

64 3439 125 3494 sich
153 3439 301 3493 abwesend
332 3456 380 3492 um
413 3439 462 3493 das
493 3437 627 3494 Consului
680 3437 796 3504 funden,
828 3437 897 3506 gab,
930 3435 1044 3491 worden
1071 3435 1134 3489 dem
1159 3433 1243 3489 Ctser

63 3509 214 3565 bewerben
236 3527 270 3563 zu
294 3503 401 3564 diir‘fen.
439 3509 496 3564 Der
517 3510 627 3578 Antrag
681 3508 856 3577 2Legionen
874 3510 1064 3576 entzogen.-
1079 3511 1104 3560 3.
1120 3523 1193 3563 eum
1208 3537 1242 3545 -

51 3579 213 3635 ‚scheiterte
236 3597 272 3634 an
295 3580 360 3634 dem
380 3580 552 3649 Einspruohe
577 3580 626 3634 des
681 3595 829 3633 suorum:
854 3577 1086 3648 dieBedeutung
1106 3594 1243 3632 roncum

64 3649 162 3706 Curio:
186 3647 271 3704 Cesar
289 3651 380 3705 durfte
399 3649 459 3705 sich
478 3650 626 3705 abwesend
679 3650 749 3705 wird
773 3667 823 3704 eus
848 3650 912 3705 dem
933 3647 1181 3720 vorhergehenden
1199 3648 1242 3701 tu·

62 3719 220 3776 bewerben.
266 3721 322 3776 Der
348 3721 444 3776 Plural
475 3719 626 3790 provinciis
679 3738 744 3775 men
771 3721 841 3775 klnr.
871 3752 905 3763 -
937 3720 1133 3776 voluntate:
1167 3717 1242 3771 dicae

63 3791 197 3860 deshalb,
229 3792 267 3846 dn
295 3791 380 3847 Cesar
406 3792 532 3846 mehrere
559 3792 626 3845 Pro·
680 3791 823 3862 Legionen
841 3792 944 3848 sollten
962 3790 992 3844 in
1009 3789 1111 3844 italien
1128 3787 1242 3842 bleiben

62 3860 626 4003 villellas'illssbililllla’vellbil
679 3859 1243 4003 ”niatillutrdultltdtlfa

382 3977 389 4004 ,
691 3970 699 4001 ¹-
777 3977 782 3989 .
830 3977 836 3988 .
873 3974 879 3986 .

61 3952 152 4059 batte.
178 4034 211 4044 -
234 4004 270 4058 in
288 4004 359 4060 clia
381 4004 493 4060 omnia
514 4006 628 4059 trans·
682 4003 774 4074 einige
792 4006 904 4070 Worte3
929 4000 1104 4071 gewb'bnlich
1128 4000 1243 4070 ergbnzt

62 4074 118 4129 iit:
143 4074 267 4129 etimmte
291 4076 426 4146 dagegen.
451 4106 484 4115 —
509 4091 574 4144 quo
594 4100 627 4120 =
682 4092 748 4129 man
766 4074 912 4144 folgende:
931 4073 985 4126 Per
1002 4072 1112 4126 litteras
1130 4071 1242 4125 conten-

64 4148 98 4201 ut
118 4161 159 4201 eo.
682 4145 725 4199 dit
743 4144 778 4198 ab
797 4146 912 4209 senatu,
934 4144 967 4196 ut
989 4141 1074 4196 etiam
1092 4140 1242 4209 Pompeius

100 4214 354 4285 Cap.54.1.duae
368 4215 536 4285 legiones:
552 4215 628 4270 dieue
682 4232 711 4270 ee
734 4214 852 4284 imperio
876 4212 1033 4280 abdicaret,
1061 4229 1145 4282 oeque
1166 4211 1242 4265 idem

63 4285 245 4357 2Legionen
265 4286 367 4340 sollten
387 4303 478 4357 gegen
498 4286 542 4341 die
561 4286 627 4341 Par·
681 4287 818 4342 facturum
841 4284 983 4356 promisit3
1012 4283 1055 4337 sin
1079 4283 1184 4349 minus,
1213 4297 1244 4336 su
1309 4320 1312 4324 -
1390 4310 1394 4315 -

62 4358 127 4412 ther
146 4356 293 4426 geschiclrt
310 4356 435 4426 werden,
459 4373 513 4412 von
536 4357 627 4411 denen
681 4374 771 4428 neque
781 4357 844 4426 sibi,
856 4372 945 4426 neque
955 4354 1064 4425 patriae
1074 4354 1246 4411 defuturum.

548 4489 769 4499 --——--.-——..
