2804 4778
451 207 518 262 LIB.
537 207 598 262 Vll.
627 207 705 262 car.
726 214 841 264 ιιι-31.
1169 212 1234 276 223

57 383 147 454 atque
170 391 264 434 unum
294 372 452 433 consilium
482 375 574 434 totius
597 373 705 434 Galliae
739 375 930 456 effecturum,
960 379 1045 438 cuius
1075 381 1235 438 consensui

57 483 95 525 ne
127 462 208 523 orbis
232 461 352 541 quidem
380 469 530 522 terrarum
559 464 654 540 possit
680 461 843 543 obsistere,
872 464 961 542 idque
991 483 1023 525 se
1053 484 1146 546 prope
1176 469 1233 527 lam

56 554 197 613 ellectum
227 550 348 611 habere.
399 549 515 610 Interea
532 567 673 641 ,aequum
704 569 770 610 esse
801 551 836 611 ab
867 554 904 612 iis
934 556 1099 614 communis
1130 554 1269 616 salutisa

57 659 146 702 cansa
170 641 337 720 impetrari,
361 646 394 698 ut
418 646 515 697 castra
538 639 654 698 munire
677 641 884 721 instituerent,
908 659 966 718 quo
991 641 1105 702 facilius
1129 661 1233 722 repen·

56 733 136 792 tinos
162 729 295 789 hostium
318 729 448 805 impetus
472 728 662 787 sustinerent.

146 814 198 879 30.
228 817 298 877 Fuit
327 816 400 876 haec
431 816 524 875 oratio
555 832 615 875 non
644 817 759 893 ingrata
790 815 895 896 Gallis,
926 826 956 877 et
986 821 1126 900 maxime,
1155 820 1234 899 quod

56 910 120 987 ipsc
150 909 248 967 animo
272 923 332 965 non
360 904 511 964 deiecerat
538 910 620 963 tanto
649 912 771 982 accepto
799 906 1001 986 incommodo,
1025 925 1123 986 neque
1147 927 1179 969 se
1203 910 1233 969 in

56 995 209 1056 occultum
242 993 395 1054 abdiderat
426 1001 456 1053 et
485 1000 678 1070 conspectum
709 991 908 1053 multitudinis
939 995 1068 1075 lugeret3
1106 997 1268 1076 plusque2

56 1086 155 1144 animo
188 1081 344 1162 providere
377 1087 407 1140 et
445 1082 629 1159 praesentire
662 1080 899 1155 existimabatur,
937 1083 1016 1162 quod
1053 1103 1085 1144 re
1118 1087 1233 1164 integra

55 1174 153 1252 primo
177 1169 396 1231 incendendum
419 1167 588 1249 Avaricum,
611 1179 680 1247 post
702 1169 901 1230 deserendum
925 1180 1091 1232 censuerat.
1127 1174 1233 1252 ltaque
1252 1186 1268 1233 3

55 1269 91 1321 ut
114 1259 300 1338 reliquorum
323 1261 537 1336 imperatorum
559 1274 609 1317 res
632 1256 772 1318 adversae
792 1254 999 1320 auctoritatem
1019 1263 1166 1343 minuunt,
1190 1265 1233 1323 sic

55 1349 146 1408 hrrius
170 1366 206 1408 ex
230 1348 379 1407 contrario
402 1344 530 1423 dignitas
553 1345 740 1405 incommodo
764 1355 886 1426 accepto
914 1350 944 1408 in
969 1348 1032 1409 dies
1061 1350 1232 1428 augebatur.

58 1436 153 1496 Simul
180 1438 210 1495 in
240 1453 323 1513 spem
352 1432 510 1494 veniebant
537 1435 601 1494 eius
630 1434 824 1494 affirmatione
853 1435 890 1495 de
918 1435 1041 1514 reliquis
1073 1438 1269 1518 adiungen4

57 1526 104 1586 dis
127 1523 308 1602 civitatibus3
336 1524 525 1602 primumque
549 1541 584 1582 eo
613 1531 747 1601 tempore
772 1522 845 1582 Galli
874 1532 971 1584 castra
999 1529 1116 1587 munire
1149 1531 1232 1588 insti-

57 1620 199 1693 tuerunt,
222 1620 253 1672 et
276 1614 318 1672 sic
343 1619 414 1672 sunt
436 1613 533 1670 animo
557 1613 740 1671 consternati
763 1612 899 1673 homines
921 1616 1033 1674 insueti
1055 1614 1175 1697 laboris,
1199 1625 1233 1676 ut

57 1704 169 1782 omnia,
192 1718 268 1779 quae
291 1703 524 1779 imperarentur,
547 1698 603 1759 sibi
626 1700 764 1778 patienda
789 1703 1000 1763 existimarent.

147 1785 198 1850 31.
226 1787 288 1849 Nec
312 1791 424 1868 minus,
452 1805 539 1866 quam
564 1795 609 1847 est
635 1787 800 1868 pollicitus,
823 1788 1046 1869 Vercingetorix
1070 1793 1168 1852 animo
1192 1792 1232 1852 la-

57 1877 195 1958 borabat,
222 1885 255 1938 ut
281 1875 412 1954 reliquas
440 1878 573 1936 civitates
600 1875 790 1957 adiungeret,
818 1886 906 1955 atque
930 1897 979 1938 cas
1003 1879 1089 1940 donis
1119 1880 1231 1960 pollici·

58 1964 278 2043 talionibusque
294 1963 455 2025 'alliciebat
501 1962 577 2023 lluic
599 1965 644 2023 rei
667 1963 791 2023 idoneos
814 1964 949 2026 homines
973 1966 1135 2049 deligebat,
1158 1981 1266 2047 quo-2

57 2072 124 2114 rum
154 2056 280 2132 quisque
312 2060 363 2112 aut
391 2053 523 2112 oratione
554 2050 676 2111 subdola
707 2060 759 2111 aut
792 2055 919 2113 amicitia
956 2055 1093 2115 facillime
1124 2074 1229 2134 capere

55 2150 166 2222 posset.
212 2142 270 2213 eri
297 2141 420 2201 Avarico
448 2147 615 2218 expugnato
642 2139 828 2221 refugerant,
865 2142 1021 2202 armandos
1049 2144 1266 2205 vestiendos-3

57 2249 115 2310 que
143 2240 240 2311 curat3
268 2229 369 2310 simul,
397 2235 430 2288 ut
446 2227 626 2287 ‘deminutae
655 2230 757 2306 copiae
785 2228 1075 2312 redintegrarentur,
1105 2235 1267 2311 imperatt

57 2328 176 2380 certum
199 2337 358 2379 numerum
381 2316 508 2376 militnm
527 2315 710 2397 civitatibus,
734 2335 822 2395 quem
846 2327 877 2378 et
899 2336 987 2396 qnam
1006 2329 1074 2380 ante
1099 2321 1178 2381 diem
1201 2323 1231 2381 in

57 2416 154 2469 castra
178 2407 284 2467 adduci
308 2406 391 2487 velit,
415 2406 641 2484 sagittariosque
665 2422 782 2486 omnes,
811 2424 937 2484 quorum
961 2415 1025 2469 erat
1052 2428 1233 2489 permagnus

57 2515 200 2557 numerus
224 2498 255 2556 in
280 2495 387 2576 Gallia,
415 2496 551 2573 conquiri
579 2503 609 2554 et
637 2493 672 2554 ad
697 2513 728 2554 se
751 2497 829 2578 ⁴mitti
857 2495 949 2557 iubet.
994 2496 1047 2558 llis
1071 2498 1161 2559 rebus
1185 2516 1232 2559 ce-

58 2697 91 2705 -
125 2666 237 2721 unnm'
263 2697 297 2706 -
333 2665 550 2720 effecturum:
588 2681 618 2719 er
672 2663 757 2718 dies:
782 2682 803 2718 s.
823 2672 853 2732 3,
871 2672 918 2735 23,
939 2672 1061 2722 7.-4,
1085 2667 1118 2722 in
1140 2684 1233 2737 spem

55 2737 149 2791 werde
171 2737 234 2792 eine
251 2736 445 2805 Vereinignng
465 2752 522 2790 von
545 2750 616 2804 ganz
670 2735 871 2789 veniebant:
891 2754 911 2792 s.
932 2742 957 2804 1,
977 2743 1019 2803 18,
1039 2743 1054 2791 9
1075 2756 1109 2791 zu
1127 2737 1153 2792 d.
1173 2739 1232 2803 W.;

57 2807 210 2861 Gallienzn
220 2807 310 2861 eincm
320 2805 618 2874 gemeinschaftlichen
671 2822 720 2858 aur
734 2804 928 2860 construction
943 2807 1031 2876 vergl.
1046 2815 1120 2875 6,,36
1136 2808 1232 2862 Cicero

55 2877 238 2958 Kriegsplane
257 2894 293 2930 zu
311 2875 415 2930 Stande
433 2875 559 2944 bringen.
583 2905 617 2914 -
671 2905 705 2912 -
720 2873 849 2929 diffidens
863 2877 897 2930 de
911 2893 1026 2931 numero
1041 2879 1150 2933 dierum
1166 2877 1233 2932 Cae·

56 2947 150 3002 orb1s
178 2979 212 2987 -
240 2949 408 3001 terrarum
430 2947 521 3000 dbers.
544 2945 618 2998 nach
671 2961 761 2999 sarem
776 2944 859 3000 fidem
878 2951 1065 3014 servaturum
1084 2950 1172 3020 vergl.
1187 2949 1232 3003 die

55 3025 85 3088 4,
106 3024 130 3085 7,
150 3023 166 3071 ὁ
190 3035 224 3071 nn
247 3016 387 3086 reliquum
410 3015 439 3069 in
464 3015 554 3070 terris.
582 3045 616 3055 -
670 3016 860 3086 Anmerknng.
889 3049 922 3057 -
955 3018 1232 3079 affirmatione:

56 3095 80 3144 7.
115 3088 300 3143 communis
339 3086 464 3142 salutis
504 3101 616 3141 cansa:
670 3086 1236 3148 AblatdesGrandes-consternati2

54 3159 170 3214 biermit
187 3159 274 3229 vergl.
294 3163 318 3228 5,
338 3164 373 3212 46
392 3175 426 3211 nu
445 3155 617 3226 reipublicae
670 3156 732 3210 hier
744 3156 774 3211 in
788 3159 838 3213 der
853 3159 977 3215 seltenen
988 3160 1166 3234 Bedeutung:
1180 3180 1228 3232 ge-

56 3230 212 3286 commodo.
670 3227 770 3298 wnltig
789 3229 927 3299 ergriffen,
946 3231 1094 3302 ausgeregt
1107 3234 1172 3300 (den
1185 3235 1232 3288 be·

91 3302 158 3372 (lap.
170 3307 212 3356 30.
228 3307 253 3355 1.
267 3317 330 3355 non
347 3299 381 3354 in
386 3299 497 3369 grata:
512 3313 617 3351 warum
671 3298 861 3369 wbltigenden
874 3301 1025 3371 Eindruck‚
1037 3303 1092 3357 den
1102 3304 1231 3374 Vercing.

54 3372 135 3426 nicht
153 3371 264 3427 einfach
282 3376 381 3442 grata?
401 3401 434 3410 —
459 3371 492 3425 et
510 3369 617 3422 mexi-
671 3368 722 3422 aul
735 3371 775 3424 sie
793 3373 933 3442 gemacht,
951 3373 1160 3443 bezeichnend).
1179 3375 1232 3430 Die

55 3459 118 3497 me:
141 3444 211 3498 iiber
231 3444 299 3498 ets.
320 3449 348 3512 1,
368 3447 450 3511 47,2
474 3458 509 3494 nu
531 3441 560 3493 ei
584 3455 616 3493 eo
670 3438 715 3492 W.
735 3443 768 3496 A.
786 3442 838 3496 hat
856 3443 1019 3499 confirmati.
1192 3484 1195 3489 »

54 3512 155 3583 magis.
181 3543 217 3571 ,-
245 3515 337 3568 et-
359 3513 509 3583 fugerat:
538 3509 618 3564 nient
707 3509 773 3581 Cap.
793 3519 836 3568 31.
862 3520 886 3571 1.
905 3515 1102 3572 alliciebat:
1121 3536 1142 3575 s.
1162 3523 1187 3584 ὅ,
1206 3523 1232 3586 9,
1277 3538 1279 3542 ⁸

54 3601 147 3653 neque
169 3584 280 3654 ingerat
302 3583 390 3638 heisst
413 3599 455 3651 es,
479 3581 545 3636 weil
567 3579 618 3635 der
672 3587 687 3635 6
711 3599 745 3635 zu
766 3584 963 3653 prohibebant.
987 3618 1020 3627 -
1047 3594 1072 3642 2.
1096 3603 1231 3658 capere:

55 3657 121 3710 Sata
140 3657 169 3710 et
184 3686 218 3694 —
237 3655 350 3723 fugerat
367 3653 481 3708 weitere
495 3650 616 3705 Ausf‘uh·
671 3651 852 3723 einnehmen‚
871 3656 1029 3726 gewinnen,
1047 3659 1173 3713 ntmlich
1190 3674 1232 3710 re-

53 3745 128 3796 rung
141 3727 190 3781 des
205 3727 312 3780 erstem
325 3739 415 3793 neque
426 3753 458 3763 —
470 3722 618 3778 abdiderat
670 3722 763 3792 liques
786 3725 923 3783 civitates.
948 3759 981 3768 -
1005 3735 1030 3782 3.
1050 3728 1231 3782 armandos

53 3799 92 3852 ist
109 3797 167 3852 und
181 3796 264 3851 beide
279 3795 360 3850 sintne
378 3809 538 3849 zusammen
552 3793 617 3848 dem
670 3793 938 3866 vestiendosque
966 3801 1076 3853 curat:
1109 3796 1232 3867 Beispiel

54 3885 111 3923 non
134 3867 274 3923 defecerat
291 3865 560 3937 gegendberstehen.
581 3895 615 3904 —
670 3883 719 3919 zur
746 3865 942 3924 construction
973 3885 1028 3924 von
1060 3884 1163 3923 curere.
1196 3899 1231 3908 —

54 3939 89 3993 in
117 3938 302 3994 occultum:
330 3937 471 3992 occultum
493 3936 560 4006 stige
582 3953 617 3989 an
670 3941 697 3991 4.
715 3938 1152 4008 ut-redintegrnrentur,
1170 3938 1232 3992 im·

54 4017 80 4073 3,
96 4015 111 4063 3
131 4010 168 4064 ad
186 4011 349 4066 extremum.
364 4037 397 4050 -·
412 4015 438 4063 2.
456 4022 617 4078 praesen·
670 4009 782 4077 perat:
800 4010 923 4079 Beispiel
941 4028 990 4064 zur
1003 4009 1094 4064 Lehre
1111 4026 1168 4064 von
1182 4009 1232 4065 der

53 4080 139 4135 tire:
167 4081 369 4136 vorausahnen.
399 4111 432 4120 -
464 4094 500 4134 re
526 4077 616 4134 inte·
671 4079 782 4134 Oonsec.
801 4082 886 4149 temp.
907 4111 940 4121 -
964 4097 1061 4148 quem
1079 4082 1113 4136 et
1131 4097 1230 4150 quam

55 4168 129 4222 gra:
150 4151 191 4206 als
209 4150 239 4205 in
257 4152 307 4206 der
326 4151 414 4206 Saohe
432 4150 506 4206 noch
523 4149 617 4204 nicbts
670 4152 750 4204 ante
773 4148 860 4204 diem
882 4150 920 4205 ist
942 4150 1021 4204 nicht
1045 4151 1173 4206 wdrtlich
1195 4169 1230 4204 zu

55 4222 226 4291 geschehen,
246 4222 286 4277 sie
305 4221 378 4276 noch
396 4220 617 4276 unentschieden
670 4221 847 4275 iibersetzen:
862 4237 892 4275 er
904 4221 1020 4276 befiehlt
1032 4221 1076 4276 bis
1090 4241 1123 4277 zu
1138 4222 1230 4276 einem

55 4309 126 4363 wer,
158 4293 201 4348 als
228 4310 293 4351 man
319 4292 392 4346 noch
424 4289 616 4361 (hinnichtlich
670 4290 848 4345 bestimmten
867 4292 943 4361 Tege
963 4292 1017 4347 den
1033 4293 1149 4348 stacten
1167 4292 1230 4347 eine

55 4364 230 4434 Avaricnms)
237 4364 306 4418 lreie
315 4363 397 4418 Hand
406 4361 616 4417 hatto-din
670 4361 832 4417 bestimmte
850 4381 877 4417 n.
896 4381 917 4419 s.
936 4382 984 4430 w.;
1003 4381 1086 4434 quem
1097 4380 1229 4431 =quan-
