2804 4778
475 249 543 304 ΜΒ,
562 248 609 304 IV.
637 248 715 304 OAP.
737 255 848 305 11-13.
1190 250 1252 314 107

80 417 137 477 bus
164 414 379 477 consuetudine
403 433 457 474 sua
480 414 516 474 ad
541 414 632 494 pedes
658 414 858 496 desiluerunt,
889 414 1034 477 subfossis
1061 419 1145 496 equis
1176 435 1253 477 com-

80 505 276 585 pluribusque
305 505 417 564 nostris
445 503 568 564 deiectis
595 503 726 582 reliquos
754 506 784 563 in
817 505 916 583 fugam
944 508 1138 566 coniecerunt
1165 515 1253 584 atque

79 597 120 654 ita
147 595 325 673 perterritos
353 600 492 672 egerunt,
520 599 553 653 ut
581 611 640 652 non
669 595 753 671 prins
785 593 853 670 fuga
883 592 1075 674 desisterent,
1107 612 1195 673 quam
1223 597 1254 654 in

82 690 275 762 conspectum
299 683 424 760 agminis
447 683 542 741 nostri
570 684 729 741 venisseut.
776 680 809 741 lu
841 700 875 740 eo
905 681 1018 760 proelio
1043 701 1079 742 ex
1103 681 1289 761 equitibuse

82 773 193 831 nostris
217 770 438 830 interficiuntur
458 777 598 848 quattuor
617 778 647 829 et
670 771 864 850 septuaginta,
887 772 918 829 in
936 769 982 829 his
1001 773 1045 830 vir
1064 771 1254 852 fortissimus,
1272 782 1289 830 4

81 859 149 919 Piso
177 859 356 938 Aquitanos,
384 857 564 936 amplissimo
592 875 702 936 genere
731 866 831 937 natus,
860 860 945 917 cuius
978 877 1049 919 avus
1077 861 1107 919 iu
1137 861 1252 919 civitate

81 966 135 1008 sua
156 965 289 1035 regnum
318 946 487 1007 obtinuerat
513 949 626 1006 amicus
654 945 689 1006 ab
717 955 821 1007 senatu
850 954 953 1006 nostro
981 947 1151 1027 appellatus
1198 946 1288 1008 Hico

81 1054 150 1096 cum
174 1037 260 1095 fratri
287 1034 450 1096 intercluso
478 1034 514 1094 ab
542 1034 678 1094 hostibus
707 1035 847 1095 arixilium
877 1035 983 1114 ferret,
1009 1035 1093 1095 illum
1116 1055 1152 1095 ex
1175 1037 1253 1115 peri-

80 1125 148 1185 culo
172 1125 291 1204 eripuit,
314 1126 378 1202 ipse
402 1141 479 1202 equo
503 1123 655 1183 vulnerato
680 1123 822 1203 deiectus,
843 1123 940 1201 quoad
963 1126 1069 1204 potuit,
1092 1125 1252 1184 fortissime

80 1215 204 1273 restitit:
237 1230 305 1272 cum
338 1214 559 1272 circumventus
593 1211 693 1271 multis
720 1211 893 1272 vulneribus
926 1214 1055 1292 acceptis
1087 1212 1289 1294 cecidisset,6

80 1310 169 1380 atque
193 1301 223 1361 id
246 1301 347 1380 frater,
371 1301 423 1379 qui
446 1302 504 1359 iam
526 1299 640 1378 proelio
664 1308 842 1380 excesserat,
864 1300 969 1379 procul
990 1300 1254 1375 animadvertisset,

79 1392 201 1450 incitato
225 1407 302 1467 equo
327 1407 358 1448 se
382 1387 518 1449 hostibus
542 1387 649 1461 obtulit
670 1398 759 1467 atque
783 1389 959 1449 interfectus
983 1397 1037 1449 est.

172 1475 221 1538 13.
245 1476 308 1538 Hoc
332 1477 409 1538 facto
438 1476 551 1556 proelio
576 1475 684 1537 Caesar
712 1495 808 1555 neque
832 1479 890 1536 iam
914 1475 970 1537 sibi
997 1477 1109 1556 legatos
1133 1476 1253 1537 audien-

81 1567 135 1626 dos
159 1584 256 1645 neque
279 1565 470 1627 condiciones
493 1565 679 1645 accipiendas
702 1564 901 1626 arbitrabatur
924 1565 959 1625 ab
983 1569 1029 1646 iis,
1051 1569 1103 1645 qui
1123 1583 1178 1644 per
1202 1564 1252 1624 do-

80 1654 142 1715 lum
166 1663 254 1733 atque
277 1656 399 1715 insidias
421 1655 514 1733 petita
536 1672 609 1732 pace
632 1654 711 1714 ultro
734 1653 845 1714 bellum
869 1653 1052 1715 intulissent:
1081 1662 1252 1732 exspectare
1272 1666 1288 1714 2

79 1761 164 1823 vero,
194 1743 265 1803 dum
295 1743 426 1803 hostium
459 1745 560 1822 copiae
591 1751 773 1821 augerentur
801 1744 1010 1822 equitatusque
1043 1750 1254 1822 reverteretur,

81 1849 213 1892 summae
238 1830 403 1893 dementiae
427 1849 492 1891 esse
516 1830 678 1910 iudicabat,
707 1839 737 1891 et
760 1834 877 1907 cognita
901 1830 1050 1891 Gallorum
1074 1831 1289 1910 infirmitates

80 1928 225 1998 quantum
248 1922 307 1979 iam
330 1919 407 1998 apud
432 1937 482 1978 eos
506 1919 607 1979 hostes
631 1937 691 1979 uuo
714 1918 827 1998 proelio
851 1921 1036 1979 auctoritatis
1060 1925 1160 1978 essent
1184 1934 1253 1977 con·

81 2010 185 2088 secuti,
209 2007 368 2088 sentiebat;
397 2005 506 2085 quibus
530 2007 565 2066 ad
593 2004 715 2067 consilia
743 2007 884 2085 capienda
912 2006 985 2066 nihil
1014 2009 1101 2085 spatii
1124 2004 1254 2065 dandum

81 2096 275 2157 existimabat.
313 2094 366 2155 His
390 2097 560 2155 constitutis
582 2094 674 2155 rebus
698 2103 728 2155 et
751 2093 875 2154 consilio
899 2112 967 2154 cum
989 2095 1093 2173 legatis
1117 2101 1147 2154 et
1166 2110 1254 2172 quae·
1273 2108 1290 2155 4

80 2193 162 2244 store
186 2186 416 2263 communicato,
440 2201 477 2243 ne
501 2201 589 2261 quem
614 2184 691 2243 diem
714 2201 831 2262 pugnae
858 2185 1123 2262 praetermitteret,
1147 2200 1254 2261 oppor-

83 2274 238 2333 tunissima
277 2289 326 2331 res
365 2271 490 2352 accidit,
531 2271 610 2349 quod
650 2271 794 2351 postridie
833 2273 897 2332 eius
934 2272 993 2332 diei
1030 2289 1114 2331 mane
1152 2271 1255 2331 eadem

80 2494 141 2562 oips
186 2493 386 2564 hinzugesetzt.
441 2493 493 2548 Die
535 2493 642 2548 itlteren
695 2493 834 2560 hommen,
845 2511 890 2549 wo
904 2494 972 2549 iiber
985 2495 1047 2550 ihre
1057 2495 1255 2565 fordemugen

81 2565 284 2620 Schriftsteller
303 2565 444 2619 breuchen
458 2565 525 2619 eber
543 2582 572 2619 so
592 2564 641 2619 dus
695 2565 876 2620 entsehieden
894 2566 1005 2620 werden
1023 2567 1114 2621 sollte.
1137 2598 1173 2606 —
1195 2583 1256 2634 per

80 2636 205 2706 Particip
238 2635 327 2690 seiten
358 2636 415 2689 und
446 2634 642 2690 umsohreiben
695 2636 809 2690 dolum
828 2638 931 2704 etque
949 2636 1114 2691 insidiam
1134 2637 1211 2691 siche
1230 2643 1254 2703 1,

80 2707 210 2762 desselbe
228 2706 316 2761 lieber
334 2706 421 2760 durch
436 2707 517 2761 einen
531 2707 641 2761 Neben·
694 2713 742 2774 42,
761 2713 778 2761 4
806 2725 840 2760 zu
863 2723 913 2776 per
930 2707 1054 2760 insidias.
1079 2737 1115 2746 -
1141 2706 1256 2775 petita

81 2783 147 2832 satz.
168 2807 201 2816 -
221 2778 472 2832 consuetudine
492 2808 525 2818 -
549 2776 640 2832 desi·
693 2793 788 2846 pace:
813 2777 953 2831 01012.
976 2807 1012 2817 -
1035 2776 1256 2843 intulissent,

79 2847 641 2915 luerunt:s.o.2;itberdenAbletiv
694 2849 907 2916 augerentur
943 2866 970 2901 u.
1003 2849 1255 2902 reverteretur:

79 2918 158 2974 siche
181 2920 267 2973 letzte
291 2919 473 2988 Anmerkung
497 2938 530 2972 zu
550 2926 579 2987 6,
599 2925 641 2973 27.
697 2917 742 2973 die
755 2916 937 2988 Oonjunctive
952 2918 1014 2972 sind
1028 2936 1078 2973 aus
1092 2917 1256 2987 duppeltem

81 3021 116 3047 τ-
135 2989 315 3044 subfossis:
338 3006 412 3058 „von
429 2990 516 3044 unteu
544 2989 642 3043 durch·
697 2988 809 3044 Grunde
828 2990 945 3058 gesetzt.
963 3020 999 3029 —
1021 2995 1047 3042 2.
1065 3005 1158 3044 vero:
1178 2987 1255 3043 siche

80 3061 197 3127 bohrt“;
211 3060 317 3115 welche
331 3060 383 3115 Art
397 3060 446 3114 des
460 3061 642 3129 Asyudeton?
697 3065 726 3128 2,
745 3067 788 3114 27.
813 3090 846 3099 -
870 3060 1119 3128 equitatusque
1142 3075 1256 3113 rever-

81 3163 114 3174 -
153 3132 203 3185 ita
238 3131 446 3201 perterritos
483 3133 642 3200 egerunt:
696 3130 841 3184 teretur:
874 3129 924 3184 dus
956 3129 1132 3185 Verhttltniss
1164 3129 1255 3184 dieses

77 3203 179 3273 jagten
207 3201 247 3256 sie
274 3202 304 3256 in
331 3201 455 3256 solchem
484 3201 642 3256 Schreeken
697 3201 792 3255 Satzes
828 3219 890 3255 zum
926 3201 1182 3271 Vorhergehenden
1217 3200 1257 3255 ist

80 3289 132 3328 vor
150 3272 209 3328 sich
231 3274 290 3327 her.
310 3303 342 3312 -ι
366 3278 390 3328 4.
415 3273 449 3327 in
471 3273 538 3327 his:
560 3274 642 3326 unter
695 3271 766 3326 klar.
795 3303 829 3312 —
856 3271 1038 3326 iudicabat
1064 3273 1154 3326 ubera.
1182 3272 1256 3326 noch

82 3345 196 3399 andern.
225 3375 260 3384 -
291 3343 343 3398 vir
370 3373 405 3384 -
432 3344 641 3412 Aquitunusr
698 3348 752 3411 1,2
773 3343 1091 3397 zuarbitrubantur.—
1111 3349 1135 3397 3.
1155 3342 1256 3397 infir-

79 3415 131 3469 der
155 3414 263 3484 tapfere
286 3414 442 3483 Aquitaner
464 3414 542 3481 Pis0;
571 3432 591 3468 s.
616 3419 641 3480 2,
695 3413 835 3468 mitate:
864 3415 919 3484 vgl.
941 3431 963 3469 0.
983 3419 1008 3470 o.
1033 3443 1066 3453 -
1090 3416 1256 3482 quantum

81 3491 130 3552 25,
161 3492 183 3538 1.
212 3504 245 3539 zu
272 3485 303 3542 P.
344 3486 468 3540 Beachte
495 3486 567 3540 auch
595 3485 642 3539 die
696 3514 730 3525 -
749 3485 1121 3539 sentiebatubersnach
1140 3490 1256 3554 2,4,4

80 3556 301 3626 Voranstellung
324 3573 380 3611 von
398 3555 442 3610 vir
464 3555 641 3625 fortissimus,
695 3572 729 3608 zu
755 3557 891 3624 quantam
918 3586 951 3596 -
978 3555 1195 3611 multitudinem.
1221 3585 1255 3595 -

80 3627 157 3680 deun
188 3626 282 3680 solohe
308 3626 513 3696 Appositionen
545 3626 643 3696 folgen
695 3624 820 3695 quibus
842 3627 934 3682 libers.
958 3626 1031 3680 nach
1048 3625 1257 3693 Verwandlung
1292 3637 1315 3671 ··

81 3696 209 3765 huufiger
226 3697 320 3750 hinter
338 3697 402 3752 dem
420 3696 530 3752 Nomen
546 3714 640 3766 propr,
694 3697 738 3750 ins
757 3697 944 3752 Demonstrat.
965 3697 1018 3752 mit
1035 3697 1085 3751 der
1102 3712 1168 3750 vom
1188 3695 1256 3748 Sinu

81 3799 115 3808 -
133 3774 157 3823 6,
169 3784 242 3821 cum
257 3767 525 3822 circumventus:
544 3768 642 3822 mecho
697 3768 876 3836 geforderten
889 3767 1024 3823 Paitikel.
1046 3768 1102 3821 Der
1117 3766 1181 3821 Setz
1195 3767 1255 3819 ent-

79 3840 133 3893 das
153 3837 330 3892 Verbaltniss
354 3838 444 3893 dieses
464 3837 559 3892 Satzes
579 3856 642 3892 zum
695 3838 757 3891 huit
784 3838 846 3892 eine
874 3838 1041 3908 Fulget-ung.
1070 3866 1103 3877 -
1132 3842 1157 3890 4.
1183 3852 1255 3889 cum

78 3909 330 3978 vorhergehenden
345 3909 433 3965 durch
446 3908 509 3964 eine
517 3908 643 3964 Pertikel
695 3908 831 3979 legatis
850 3910 885 3963 et
903 3911 1099 3978 quaestore:
1123 3906 1191 3960 uber
1209 3905 1255 3960 die

79 3980 214 4036 deutlich.
252 4011 285 4018 -
327 3980 491 4062 incitato
533 3997 643 4062 equo:
698 3979 897 4034 Theilnehmer
924 3996 970 4032 am
996 3977 1161 4047 Kriegsrath
1189 3994 1219 4059 e..
1230 3984 1255 4043 1,

80 4051 598 4191 ttutetttttlhgtfritz
613 4067 644 4105 ¹¹¹
697 4051 1018 4175 1211ὴέ111511
1034 4049 1256 4201 attiuhi

119 4141 184 4263 gap.
205 4199 247 4247 13.
272 4199 296 4248 1.
315 4193 396 4247 ium:
415 4210 472 4248 non
489 4193 547 4247 iam
564 4192 644 4247 nicht
697 4191 781 4258 Plan,
800 4191 849 4245 der
862 4190 949 4244 dahiu
962 4190 1043 4260 ging,
1057 4190 1121 4244 ders
1135 4207 1164 4244 er
1177 4189 1256 4265 nicht

81 4265 169 4319 mehr.
195 4294 226 4302 —
252 4263 488 4318 condiciones:
517 4262 563 4318 die
591 4263 643 4318 Be·
696 4279 724 4317 u.
744 4279 765 4315 s.
783 4280 817 4316 w.
838 4291 872 4301 -
900 4260 990 4316 diem
1016 4277 1166 4332 pugnae:
1195 4260 1256 4331 Tug

80 4336 208 4404 deutung
223 4351 243 4388 s.
260 4341 283 4402 1,
298 4340 341 4403 40,
357 4341 381 4389 3.
402 4335 561 4390 11001011
578 4333 643 4389 soll·
697 4332 775 4386 einer
794 4330 976 4402 (mbgliohen)
991 4332 1133 4388 Schlecht.
1148 4363 1182 4372 -
1202 4348 1255 4387 00-

80 4410 131 4460 ten
150 4406 188 4460 sie
208 4422 254 4460 em
272 4405 422 4475 folgenden
436 4405 514 4474 Tage
527 4403 643 4459 wieder·
697 4402 800 4473 cidit,
826 4402 932 4472 quod:
961 4421 1078 4459 nurum
1094 4403 1168 4454 ‘mer
1194 4400 1282 4462 upon
