2804 4778
453 241 519 296 ΜΒ.
538 242 586 297 Ν.
615 242 693 298 oAP.
712 248 825 297 aa-at.
1162 242 1226 305 123

145 403 196 468 33.
225 406 325 467 Genus
358 406 415 466 hoc
448 414 494 467 est
521 424 557 466 ex
590 408 702 467 essedis
733 425 858 486 pugnae.
904 407 1004 467 Primo
1036 427 1090 486 per
1123 426 1225 468 omnes

52 503 155 575 partes
182 497 373 573 perequitant
400 501 430 554 et
457 495 515 555 tela
545 496 696 556 coniciunt
723 503 811 573 atque
839 498 904 573 ipso
935 503 1051 556 terrore
1080 514 1227 575 equorum

53 592 86 644 et
111 584 238 661 strepitu
262 591 395 642 rotarum
418 582 538 643 ordines
555 583 731 662 plerumque
755 582 940 663 perturbant,
959 593 990 644 et
1011 603 1078 644 cum
1098 603 1129 645 se
1148 586 1227 645 inter

56 673 192 749 equitum
214 679 327 731 turmas
350 672 585 751 insinuaverunt,
604 689 640 730 ex
658 671 771 731 essedis
790 670 931 732 desiliunt
949 679 978 732 et
996 671 1122 750 pedibus
1140 691 1226 751 proe-

55 760 173 820 liantur.
219 759 345 837 Aurigae
373 760 494 819 interim
521 758 661 837 paulatim
690 777 726 819 ex
753 758 866 837 proelio
895 760 1043 820 excedunt
1070 769 1158 839 atque
1186 763 1262 821 ilat

55 864 164 907 currus
188 846 342 926 collocant,
365 853 407 925 ut,
430 848 455 906 si
477 845 522 907 illi
549 865 564 905 a
588 847 776 907 multitudine
804 847 936 908 hostium
963 859 1149 928 premantur,
1178 867 1226 908 ex-

55 934 190 1013 peditum
213 935 248 994 ad
273 953 343 994 suos
366 943 520 1012 receptum
543 933 677 995 habeant.
720 934 763 995 lta
787 934 980 995 mobilitatem
1004 939 1146 1015 equitum,
1169 944 1226 996 sta·
1246 950 1262 998 3

55 1022 200 1083 bilitatem
231 1021 363 1100 peditum
388 1024 420 1081 in
447 1021 568 1100 proeliis
596 1029 760 1104 praestant,
788 1040 821 1082 ac
851 1030 966 1083 tantum
994 1042 1050 1084 usu
1079 1025 1226 1084 cotidiano

56 1117 87 1170 et
110 1112 320 1170 exercitatione
344 1109 486 1190 efficiunt,
509 1112 553 1169 uti
576 1112 607 1170 in
631 1110 735 1171 declivi
764 1129 798 1170 ac
820 1113 976 1189 praecipiti
1001 1111 1065 1171 loco
1089 1114 1227 1172 incitatos

55 1216 149 1276 equos
180 1200 327 1258 sustinere
358 1206 388 1257 et
420 1196 504 1257 brevi
536 1197 684 1258 moderari
713 1217 747 1259 ac
776 1198 897 1259 flectere
930 1207 960 1259 et
991 1217 1046 1277 per
1078 1208 1227 1260 temonem

55 1304 233 1366 percurrere
258 1287 341 1345 etin
365 1287 434 1364 iugo
458 1288 596 1345 insistere
620 1294 705 1346 etse
733 1286 802 1346 inde
825 1288 856 1346 in
884 1305 991 1346 currus
1016 1289 1157 1347 citissime
1181 1306 1226 1347 re·

58 1376 158 1452 cipere
182 1375 363 1433 consuerint.

145 1476 196 1539 34.
221 1478 336 1549 Quibus
360 1479 450 1540 rebus
473 1480 656 1558 perturbatis
677 1481 788 1540 uostris
807 1483 936 1542 novitate
959 1500 1075 1561 pugnae
1094 1492 1227 1561 tempore

58 1569 310 1646 opportunissimo
334 1566 442 1628 Caesar
464 1568 606 1629 auxilium
628 1567 710 1629 tulit:
733 1587 861 1647 namque
888 1571 952 1629 eius
976 1569 1103 1631 adventu
1126 1570 1228 1630 hostes

56 1657 263 1736 constiterunt,
286 1658 382 1715 nostri
406 1674 437 1715 se
461 1675 498 1716 ex
520 1659 627 1717 timore
651 1665 838 1736 receperunt.
885 1657 951 1728 Quo
975 1659 1052 1718 iacto
1076 1657 1111 1718 ad
1136 1658 1262 1718 laces-2

57 1742 183 1803 sendum
206 1751 236 1803 et
259 1742 294 1802 ad
319 1744 563 1805 committendum
586 1744 732 1823 proelium
758 1745 887 1805 alienum
914 1763 980 1805 esse
1010 1755 1127 1825 tempus
1150 1744 1227 1805 arbi-

56 1839 152 1891 tratus
176 1849 229 1890 suo
254 1849 285 1890 se
309 1829 373 1891 loco
398 1834 545 1892 continuit
569 1838 599 1891 et
621 1832 705 1892 brevi
727 1841 861 1910 tempore
882 1834 1052 1893 intermisso
1075 1835 1107 1892 in
1131 1842 1227 1893 castra

56 1919 188 1996 legiones
211 1917 337 1979 reduxit.
384 1917 460 1978 Ilum
482 1920 555 1979 haec
578 1916 738 2000 geruntur,
768 1921 878 1979 nostris
902 1919 1039 1979 omnibus
1067 1922 1262 1999 occupatis,3

56 2009 109 2084 qui
137 2013 221 2066 erant
252 2007 283 2065 in
312 2008 390 2085 agris
424 2007 531 2085 reliqui
558 2006 770 2066 discesserunt.
816 2005 941 2066 Secutae
970 2015 1040 2067 sunt
1070 2011 1264 2067 continuost

56 2092 225 2173 complures
248 2093 312 2153 dies
335 2102 539 2174 tempestates,
563 2112 638 2172 quae
663 2101 693 2154 et
716 2100 834 2153 nostros
857 2095 888 2153 in
912 2096 1017 2154 castris
1040 2097 1228 2154 continerent
1261 2167 1264 2172 Α

57 2191 88 2241 et
110 2181 226 2242 hostem
249 2199 383 2259 apugna
405 2181 607 2259 prohiberent.
643 2181 766 2243 {nterim
789 2180 908 2241 barbari
930 2184 1051 2243 nuntios
1074 2184 1104 2242 in
1124 2200 1227 2243 omnes
1246 2194 1262 2242 5

19 2436 22 2439 ,
94 2401 217 2470 Gap.33.
239 2410 261 2457 1.
277 2418 316 2456 ex
334 2401 478 2457 essedis:
496 2403 566 2458 iiber
582 2419 616 2457 ex
670 2402 727 2458 hin.
752 2433 785 2442 -
809 2402 902 2472 iugo:
932 2402 1034 2457 darauf
1053 2403 1168 2458 stellten
1190 2405 1230 2459 sie

57 2491 79 2526 s.
99 2489 121 2526 c.
141 2479 176 2526 24
199 2491 233 2526 cu
256 2489 291 2526 ex
308 2472 399 2538 arido;
422 2472 513 2527 fernen
533 2473 616 2528 achte
669 2473 737 2540 sich,
756 2491 804 2527 um
822 2473 920 2527 weiter
936 2474 1040 2527 werten
1058 2493 1091 2527 zu
1109 2474 1229 2531 konnen.

57 2542 108 2596 auf
133 2543 178 2597 die
206 2544 292 2597 durch
325 2559 360 2597 ex
386 2543 490 2597 essedis
517 2559 616 2613 ausge-
706 2543 771 2613 Cap.
797 2550 838 2598 34.
869 2550 892 2598 1.
918 2543 1048 2609 Quibus
1076 2546 1176 2598 rebus
1196 2576 1229 2586 -

56 2614 173 2667 driichte
214 2613 374 2668 adverbiale
412 2614 615 2685 Bestimmung,
668 2631 818 2683 pugnae:
833 2614 934 2682 quibus
947 2615 1038 2679 rebus,
1053 2615 1141 2668 durch
1155 2615 1230 2669 diese

57 2684 174 2751 welche,
200 2683 252 2739 wie
280 2685 425 2739 mehrfach
452 2685 498 2739 bei
522 2685 615 2753 cesar,
669 2683 888 2739 verschiedenen
905 2684 1231 2749 Manbv013diesesind

59 2755 132 2808 ohne
147 2753 192 2808 ein
206 2755 314 2824 Adject.
330 2755 398 2809 oder
410 2754 535 2824 Particip
549 2755 616 2809 oder
670 2754 719 2809 der
737 2753 845 2822 (imni,
865 2770 970 2808 warum
994 2753 1040 2807 die
1057 2753 1160 2807 Rbmer
1183 2771 1230 2809 no-

57 2825 139 2879 einen
162 2825 335 2879 Relativsatu
357 2825 411 2878 mit
436 2825 500 2879 dem
523 2825 616 2880 Subst.
669 2825 759 2879 ritate
785 2840 897 2892 pugnae
926 2826 1032 2892 (wegen
1066 2824 1117 2878 der
1144 2842 1231 2894 unge·

57 2898 190 2964 (pugnae)
214 2896 376 2950 verbunden
393 2895 438 2950 ist.
463 2926 497 2935 —
520 2903 616 2965 pere·
669 2893 1002 2962 wohntenKampfesart)
1016 2893 1231 2965 inVerwirrung

57 2966 209 3034 quitant:
233 2982 290 3019 was
313 2965 350 3019 ist
370 2965 484 3035 Subject
506 2965 616 3018 audie·
669 2964 823 3033 geriethen.
856 2994 888 3002 -
921 2963 1136 3032 perturbatis
1169 2982 1231 3020 no-

58 3053 117 3091 sem
135 3036 218 3090 Verb.
238 3035 296 3089 und
317 3054 351 3088 nu
370 3035 528 3089 coniciunt?
564 3034 616 3088 Be·
670 3035 753 3089 stris
772 3034 811 3087 ist
828 3034 877 3088 der
895 3052 930 3088 uu
944 3033 1079 3088 auxilium
1096 3035 1164 3088 tulit
1183 3052 1231 3105 ge-

57 3107 166 3173 merke,
190 3107 254 3160 dass
277 3104 454 3174 perequitare
478 3104 539 3160 hier
561 3123 618 3160 ron
669 3105 767 3174 hbrige
781 3104 874 3159 Dativ.
890 3135 923 3145 -
941 3103 1105 3159 adventu:
1124 3106 1230 3160 dieBe-

57 3177 166 3245 Wagen
180 3178 280 3247 gesogt
293 3177 342 3230 ist:
360 3175 565 3230 herumfahren.
582 3207 616 3215 -
670 3175 796 3244 deutung
814 3175 863 3230 des
882 3174 976 3229 Ablat.
995 3174 1070 3229 siche
1095 3182 1125 3242 3,
1144 3182 1178 3230 23
1197 3195 1231 3231 zu

57 3247 147 3316 ipso:
167 3248 260 3302 sehon.
276 3277 310 3287 -
329 3263 402 3301 cum
416 3277 452 3286 —
465 3247 616 3300 insinua·
671 3245 777 3300 diesem
789 3246 876 3299 Wort.
897 3276 930 3284 -
949 3245 1076 3301 nostri:
1095 3245 1164 3301 iiber
1182 3246 1231 3301 das

57 3319 184 3372 verunt
198 3349 231 3357 —
246 3317 476 3386 proeliantur:
495 3317 618 3387 Beispiel
671 3315 834 3397 Aspndeton
858 3315 934 3370 siehe
959 3322 987 3382 1,
1012 3321 1058 3384 18,
1079 3323 1092 3370 1
1113 3335 1148 3370 nn
1167 3333 1231 3371 con-

57 3406 92 3441 zn
112 3388 161 3442 der
180 3405 203 3444 c.
225 3396 238 3441 t
257 3406 291 3442 zu
308 3387 453 3457 reliqui—
472 3389 552 3442 alunt
570 3403 617 3457 ge·
671 3386 767 3441 cihum
799 3386 919 3441 dimittit
951 3388 1004 3441 etc.
1037 3417 1071 3426 —
1103 3393 1127 3441 2.
1162 3387 1230 3452 Quo

57 3458 184 3527 gebenen
208 3458 304 3528 Regel.
330 3489 364 3498 —
389 3464 415 3512 2.
441 3459 477 3512 ut
499 3489 533 3497 —
557 3458 616 3512 ha·
670 3457 776 3511 facto:
796 3457 936 3512 concessiv
953 3475 987 3510 zu
1005 3456 1106 3511 iassen.
1126 3488 1159 3497 —
1179 3458 1230 3513 la-

59 3529 162 3582 beant
188 3529 279 3584 ubers.
305 3530 379 3582 nach
407 3535 435 3595 1,
465 3534 512 3597 17,
539 3534 557 3581 4
584 3546 618 3582 au
672 3527 871 3582 censendum
902 3527 940 3581 ist
975 3526 1116 3582 natiirlich
1153 3529 1232 3583 nicht

59 3598 127 3666 quin
138 3628 171 3638 —
185 3599 354 3652 Romani-
370 3605 395 3652 3.
410 3598 462 3651 Ita
476 3628 510 3637 —
524 3614 617 3666 prae·
671 3598 724 3652 mit
741 3597 880 3666 proelium
898 3615 933 3651 zu
950 3597 1110 3652 verbinden.
1127 3628 1160 3636 —
1179 3598 1231 3652 in·

59 3672 165 3722 stant:
192 3685 223 3722 so
247 3668 343 3737 zcigen
361 3667 401 3722 sie
420 3669 480 3723 sich
503 3670 545 3722 als
572 3668 619 3722 be·
672 3667 1230 3736 termissoiibers.nnch1‚13zufacto.

58 3737 195 3807 wegliche
214 3738 311 3793 Reiter
334 3739 391 3791 und
414 3739 619 3793 unerschiitter·
674 3769 706 3778 -
722 3744 746 3793 3.
767 3737 963 3806 occupatis:
982 3738 1036 3791 mit
1051 3738 1128 3791 ihrer
1141 3737 1233 3790 Riick·

58 3809 132 3862 liche
150 3807 361 3875 Fusssoldaten3
380 3808 450 3862 iiber
467 3809 518 3863 das
531 3810 620 3878 Asyn·
673 3809 756 3876 hebr,
792 3808 846 3862 mit
881 3808 946 3862 dem
976 3808 1151 3862 Beschiitaen
1184 3807 1232 3860 des

60 3879 146 3945 debon
164 3879 241 3934 siehe
261 3885 290 3947 1,
307 3885 355 3947 20,
371 3885 386 3933 6
406 3897 440 3932 zu
458 3896 529 3948 quae
543 3881 620 3949 agat,
673 3879 792 3949 Lagers,
810 3878 864 3932 mit
881 3879 931 3932 der
945 3877 1032 3947 Sorge
1049 3878 1096 3931 fiir
1109 3877 1155 3931 die
1163 3876 1232 3930 Ver-

58 3949 224 4018 quibuscum
242 3949 381 4017 loquatur.
397 3979 431 3990 —
445 3949 620 4004 exercita·
673 3948 822 4004 wundeten
836 3966 862 4003 u.
873 3965 893 4002 s.
903 3966 947 4017 w.‚
960 3964 990 4002 so
1005 3948 1070 4001 dass
1085 3947 1125 4002 sie
1139 3947 1234 4001 weder

57 4021 165 4074 tione:
180 4019 225 4074 die
240 4019 338 4087 (durch
347 4019 476 4089 Uebung)
494 4020 621 4144 erlanffte
673 4019 824 4074 hemerken
848 4018 922 4099 noch
946 4016 1116 4099 verhindern
1141 4017 1233 4099 konn-

57 4090 223 4159 Fertigkeit.
239 4089 462 4145 -inoitatosz
476 4090 562 4144 imro
586 4107 621 4146 en
673 4091 734 4156 ten,
761 4089 825 4142 dass
850 4089 909 4142 sich
932 4105 981 4156 qm
1004 4089 1085 4142 erant
1107 4104 1137 4141 1n
1159 4105 1235 4157 agris

59 4161 144 4218 Laui,
164 4191 197 4199 -
221 4161 332 4215 brevi:
365 4159 469 4215 binnan
491 4160 618 4216 Kurusm.
674 4159 777 4228 reliqui
804 4158 875 4226 (dies
904 4157 966 4212 sind
993 4157 1039 4212 die
1066 4157 1234 4227 Britannier‚

59 4262 93 4272 -
120 4231 293 4286 moderari
321 4248 359 4285 ac
386 4230 526 4286 flectere
559 4231 622 4286 sind
674 4244 729 4284 von
752 4229 842 4283 denen
865 4245 894 4282 es
918 4245 940 4282 c.
966 4234 999 4282 32
1024 4244 1087 4283 cum
1111 4245 1176 4298 pars
1200 4261 1234 4268 -

58 4301 142 4356 keine
157 4302 331 4371 Synonyma,
350 4302 400 4356 das
419 4302 530 4356 flectere
547 4302 622 4371 folgt
674 4301 704 4353 in
719 4298 794 4367 agris
808 4300 965 4353 remaneret
978 4299 1077 4368 heisst)
1087 4317 1143 4354 von
1155 4300 1234 4354 ihren

60 4373 125 4426 dem
152 4371 300 4427 moderari.
329 4404 361 4412 —
389 4388 462 4442 per:
489 4373 559 4426 iiber
587 4400 620 4413 -
675 4369 860 4437 Besitzungen
874 4369 1043 4424 entiernten.
1056 4400 1089 4410 —
1105 4376 1135 4424 4,
1150 4386 1243 4435 uuae
