2804 4778
495 219 561 273 ma.
581 219 602 272 1.
631 216 709 274 666.
728 224 843 292 6-6.
1208 221 1251 286 43

80 402 137 462 que
169 387 307 463 praemiis
335 385 455 445 domum
484 387 726 464 propinquosque
757 385 927 463 reliquisse:
960 385 1046 446 sedes
1079 385 1188 448 habere
1220 390 1252 447 in

79 471 171 532 Gallia
195 472 230 532 ab
253 474 326 551 ipsis
351 490 521 553 concessas,
544 472 663 533 obsides
690 476 824 552 ipsorum
848 473 997 535 voluntate
1022 474 1117 555 dat0s3
1141 477 1251 555 stipen-

80 561 161 620 dium
185 579 291 640 capere
314 563 379 621 iure
404 560 487 641 hetti,
516 561 595 639 quod
623 563 752 622 victores
775 563 860 622 victis
887 564 1041 641 imponere
1069 566 1251 624 consuerint.

79 649 144 708 Non
173 667 238 709 sese
267 648 369 729 Gallis,
401 649 453 715 sed
482 648 578 710 Gallos
611 649 668 710 sibi
695 649 806 711 bellum
833 649 982 711 intulisse:
1010 669 1114 711 omnes
1142 650 1286 712 Galilaea

78 738 212 798 civitates
235 737 272 797 ad
295 756 327 797 se
351 737 582 816 oppugnandum
600 740 716 799 venisse
740 757 773 798 ac
797 746 900 798 contra
924 757 955 798 se
981 747 1075 800 castra
1098 739 1251 820 habuisse,

52 863 55 869 ν
79 843 129 885 666
158 843 261 885 omnes
290 829 390 904 copias
418 844 489 886 ase
513 845 573 887 uno
603 826 716 906 proelio
739 827 840 906 pulsas
863 845 897 886 ac
921 835 1074 906 superatas
1099 847 1172 888 esse.
1219 828 1287 888 Sil

78 916 188 974 iterum
212 916 342 993 experiri
364 913 463 994 velint,
488 933 519 974 se
542 918 651 975 iterum
681 924 817 994 paratum
846 933 911 976 esse
935 913 1102 996 decertare3
1130 919 1156 976 si
1178 935 1250 995 pace
1284 929 1288 937 ·

78 1005 123 1062 uti
146 1002 246 1083 velint,
268 1005 404 1080 iniquum
428 1010 494 1063 esse
518 1004 554 1063 de
578 1003 726 1082 stipendio
749 1021 899 1083 recusare,
922 1005 1001 1081 quod
1025 1023 1078 1065 sua
1101 1005 1250 1065 voluntate

77 1091 113 1150 ad
144 1090 173 1150 id
203 1098 321 1170 tempus
350 1091 555 1170 pependerint.
601 1093 766 1152 Amicitiam
794 1091 896 1170 populi
924 1091 1048 1152 Romani
1081 1091 1137 1153 sibi
1165 1107 1286 1155 orna-5

78 1186 179 1238 mento
202 1188 232 1239 et
255 1180 412 1259 pracsidio,
435 1197 495 1239 non
519 1180 697 1240 detrimento
721 1198 787 1239 esse
810 1188 960 1260 oportere,
980 1182 1069 1258 idque
1093 1199 1125 1240 se
1145 1200 1178 1241 ea
1198 1200 1250 1261 spe

77 1270 197 1345 petisse.
245 1267 276 1326 Sl
298 1286 352 1346 per
375 1267 520 1346 populum
542 1269 709 1329 Romanum
737 1267 918 1347 stipendium
946 1271 1116 1331 remittatur
1144 1278 1173 1330 et
1201 1270 1250 1331 de-

75 1355 172 1415 diticii
199 1354 427 1436 subtrahantur,
455 1374 515 1416 non
544 1360 642 1417 minus
666 1355 792 1417 libenter
820 1375 885 1417 sese
914 1365 1122 1418 recusaturum
1149 1359 1251 1438 populi

76 1443 201 1503 Romani
231 1446 403 1523 amicitiam,
436 1462 524 1522 quam
552 1447 717 1524 appetierit.
764 1445 849 1515 Orrod
878 1446 1098 1506 multitudinem
1131 1445 1286 1509 Germa-6

76 1549 184 1591 norum
206 1534 237 1592 in
258 1531 378 1592 Galliam
398 1532 542 1614 traducat,
566 1533 596 1593 id
619 1552 652 1594 se
672 1535 719 1594 sui
741 1534 904 1614 muniendi,
924 1552 985 1594 non
1004 1533 1112 1594 Galliae
1136 1537 1250 1614 impug-

76 1620 190 1680 nandae
214 1637 302 1681 causa
325 1622 436 1681 lacere:
461 1623 525 1682 eius
549 1624 593 1681 rei
616 1624 820 1683 testimonium
844 1640 919 1702 esse,
945 1622 1024 1701 quod
1048 1624 1106 1683 nisi
1129 1631 1250 1702 rogatus

76 1726 136 1768 non
158 1711 283 1787 venerit,
302 1717 331 1771 et
350 1708 429 1787 quod
448 1708 559 1770 bellum
582 1728 643 1770 non
660 1710 805 1790 intulerit,
824 1709 875 1771 sed
896 1710 1071 1771 defenderit.
1109 1710 1146 1771 Se
1166 1714 1250 1791 prius
1269 1726 1285 1775 6

76 1798 107 1855 in
130 1795 252 1856 Galliam
275 1799 391 1857 venisse
418 1816 507 1876 quam
529 1798 673 1877 populum
696 1798 870 1859 Romanum.
911 1799 1078 1878 Numquam
1102 1808 1170 1860 ante
1193 1800 1250 1860 hoc

76 1893 194 1964 tempus
219 1887 382 1946 exercitum
408 1886 510 1965 populi
533 1886 658 1947 Romani
681 1885 791 1946 Galliae
818 1888 988 1965 provinciae
1017 1886 1126 1947 linibus
1151 1906 1249 1966 egres·

76 1990 152 2033 sum.
198 1972 275 2044 Quid
299 1973 356 2034 sibi
378 1973 475 2054 vellet,
499 1977 606 2034 curin
631 1992 700 2034 suas
722 1976 927 2053 possessiones
951 1972 1087 2034 veniret?
1127 1976 1250 2036 Provin·
1269 1990 1285 2038 8

75 2063 150 2121 ciam
175 2080 258 2122 suam
282 2061 358 2122 hanc
387 2079 452 2123 esse
477 2061 611 2142 Galliam,
639 2065 717 2122 sicut
744 2062 824 2122 illam
851 2070 992 2123 nostram.
1038 2061 1077 2123 Ut
1098 2065 1157 2142 ipsi
1180 2082 1249 2124 cou-

75 2148 225 2211 cedinon
250 2158 415 2230 oporteret,
444 2152 469 2209 si
492 2152 523 2209 in
547 2159 666 2210 nostros
689 2151 764 2211 fines
791 2153 935 2230 impetum
958 2152 1084 2232 laceret,
1112 2154 1154 2211 sic
1177 2154 1249 2212 item

77 2256 132 2296 nos
165 2255 231 2297 esse
263 2239 395 2318 iniquos,
430 2238 508 2315 quod
539 2241 569 2298 in
602 2258 655 2298 suo
688 2241 754 2298 inre
786 2257 819 2299 se
850 2239 1117 2318 interpellaremus
1164 2239 1285 2309 Quodn

76 2326 184 2384 fratres
206 2324 325 2385 Aeduos
348 2325 510 2404 appellatos
533 2326 655 2407 diceret,
678 2345 739 2386 non
762 2345 794 2387 se
816 2335 875 2387 tam
894 2327 1053 2389 barbarum
1074 2346 1170 2406 neque
1190 2336 1249 2388 tam

75 2415 248 2491 imperitum
272 2431 337 2474 esse
362 2432 472 2496 rerum,
496 2424 613 2476 utnon
636 2418 726 2475 sciret
750 2432 846 2495 neque
870 2415 947 2475 bello
967 2415 1157 2494 Allobrogum
1181 2435 1249 2497 pro·

75 2600 188 2656 8661666
214 2601 301 2670 vergi.
318 2616 375 2656 ’666
399 2601 560 2673 Erklitrung
585 2603 634 2657 der
689 2621 709 2658 s.
736 2619 759 2660 6.
786 2609 801 2656 2
829 2622 864 2657 zu
888 2604 1026 2658 inductus.
1053 2635 1087 2643 -
1118 2602 1157 2658 de
1188 2604 1250 2658 661-

75 2671 259 2741 Verbindnng
282 2689 338 2726 von
360 2690 409 2742 spe
427 2675 485 2727 und
503 2673 634 2743 praemiis
687 2673 825 2742 pendio:
846 2693 866 2730 6.
887 2681 960 2729 614
978 2692 1012 2728 66
1030 2674 1249 2728 (1616166116.-

75 2742 133 2796 und
151 2760 185 2796 zu
203 2743 288 2797 deren
301 2743 634 2814 [166666666161666366
688 2759 861 2799 recusare:
881 2744 1054 2813 Weigerung
1073 2745 1200 2799 macheu.
1216 2777 1249 2786 -

74 2813 138 2866 Ans.
158 2843 193 2852 —
217 2812 288 2868 661
318 2813 376 2867 sis:
400 2832 447 2868 666
466 2815 555 2869 Seche
577 2814 636 2884 vgl.
688 2817 834 2882 tempusr
864 2813 982 2883 scande,
1005 2815 1190 2884 Augenblicli.
1216 2848 1249 2856 -

75 2885 210 2950 (1666666
230 2831 400 2937 diedsllier
421 2883 635 2940 6316666166
689 2890 714 2940 5.
738 2883 854 2952 idque:
878 2885 936 2939 und
959 2885 1096 2952 demach3
1119 2901 1186 2939 man
1208 2903 1249 2940 er-

75 2950 192 3008 Worlen
216 2971 265 3008 an:
290 2953 346 3008 Sed
367 2954 446 3022 peius
469 2957 520 3009 ete.
540 2971 634 3024 sagen.
689 2956 790 3009 wartet
808 2971 906 3023 wegen
925 2954 1092 3009 amicitiam:
1118 2971 1247 3023 eumqu03

75 3055 110 3064 —
120 3038 257 3093 capere:
267 3025 336 3079 6666
345 3024 391 3078 6116
400 3024 635 3095 Unierdrr‘iekung
688 3025 775 3080 611616
788 3023 819 3078 id
832 3025 871 3079 166
884 3027 998 3095 gesetzt,
1011 3025 1076 3080 weil
1090 3025 1251 3081 6166606666

75 3094 124 3148 des
144 3093 363 3163 Subjectsaccus.
383 3113 404 3150 s.
419 3103 473 3165 02⁷
489 3116 512 3153 z.
526 3113 633 3167 rogare.
688 3097 738 3150 der
752 3095 859 3165 Begriff
869 3096 960 3165 „nach
977 3097 1041 3151 dem
1061 3097 1250 3152 Frenndsein“

74 3196 109 3204 -
129 3165 264 3233 quod-
280 3165 482 3221 consuerint
499 3168 537 3221 166
555 3167 635 3221 nicht
688 3167 921 3222 6666666666-
937 3167 1250 3232 6616661-666616-
1335 3182 1338 3187 ·

75 3237 121 3290 ein
152 3236 396 3307 1161616666366666,
433 3238 552 3294 condem
589 3238 635 3293 ein
689 3240 758 3292 calz
783 3254 803 3292 s.
829 3255 851 3292 o.
872 3244 905 3292 13
929 3256 963 3292 zu
986 3237 1066 3303 Quod
1088 3238 1249 3307 improviso.

76 3307 140 3360 Satn
163 3307 216 3361 6616
241 3324 263 3362 c.
284 3314 318 3363 36
342 3308 444 3376 661-
467 3308 580 3363 1666666.
600 3339 633 3349 -
689 3339 723 3347 -
741 3307 811 3362 6161
826 3339 860 3348 -
878 3326 957 3363 nour
976 3310 1072 3364 merke
1091 3309 1250 3365 611666Ρ66-

75 3384 100 3433 6.
120 3394 158 3433 66
177 3380 307 3432 contra:
327 3396 360 3434 66
378 3379 429 3433 666
448 3378 534 3434 Cesar
551 3396 634 3435 vore
688 3378 781 3433 6116616
803 3379 848 3433 fiir
874 3380 924 3434 6166
948 3380 982 3434 D.
1002 3399 1066 3445 nur;
1089 3380 1137 3435 bei
1154 3380 1250 3435 Cicero

75 3466 127 3502 nur
146 3449 279 3517 dreimel,
297 3467 348 3504 666
367 3449 459 3505 einem
472 3451 562 3506 Vocal
579 3450 636 3504 und
689 3450 747 3504 und
771 3448 856 3505 06666
879 3451 978 3506 666666
1006 3451 1082 3505 dlese
1105 3451 1251 3506 Partikeln

75 3537 94 3587 q
109 3518 238 3588 niemals,
251 3536 301 3574 vor
315 3537 335 3589 g
348 3520 458 3576 einmel.
474 3552 507 3561 —
523 3522 637 3576 666666
690 3521 769 3575 61666
787 3520 1018 3577 nebeneinsnder.
1036 3553 1070 3562 -
1089 3521 1250 3577 deiende-

75 3589 238 3644 habuisse
267 3615 301 3635 =
327 3608 475 3660 pugnasse.
503 3623 538 3632 -
571 3608 635 3645 uno
690 3592 750 3644 rit:
771 3590 934 3661 abgewehrt
952 3592 1032 3648 habe.
1057 3623 1090 3632 -
1116 3598 1139 3646 8.
1164 3591 1251 3657 Quid

75 3660 212 3727 proelio
227 3659 266 3713 166
280 3661 406 3715 66666666
420 3662 636 3730 6316166686-
691 3662 759 3715 sibi
777 3662 899 3716 661166.
918 3679 976 3717 666
994 3664 1060 3718 etc:
1085 3679 1133 3717 cur
1152 3694 1185 3703 -
1203 3678 1250 3716 66-

74 3729 212 3799 tobrigae.
238 3761 271 3769 —
294 3731 411 3798 pulsas
435 3748 472 3785 66
498 3748 637 3800 supera·
689 3733 763 3786 niret
795 3732 833 3786 166
864 3732 1056 3802 Objeobivsatz
1089 3752 1122 3787 zu
1156 3733 1250 3787 661166.

75 3805 127 3855 666
152 3801 213 3856 libs.
237 3801 379 3856 6661616616,
418 3800 445 3856 S.
465 3819 488 3857 6.
509 3809 523 3857 'l
547 3820 581 3856 66
604 3801 636 3855 L.
692 3802 773 3856 Sinn:
801 3820 859 3858 was
887 3820 917 3857 er
945 3804 1033 3858 demit
1060 3803 1164 3870 meina,
1193 3819 1250 3856 6666

75 3870 209 3927 Cossium.
234 3903 268 3912 -
293 3877 317 3926 4.
342 3874 500 3941 parcium
523 3903 556 3912 -
582 3871 637 3927 de·
692 3872 1250 3938 (166666666666616666,6166666.1116

76 3945 226 3997 certare:
251 3942 347 3997 merke
371 3941 415 3997 die
440 3942 636 3998 construction
690 3945 736 4000 W.
755 3947 788 3998 A.
807 3944 881 4013 gibt:
905 3946 973 4013 quid
996 3944 1050 3999 sibi
1073 3944 1178 3998 vellet?
1202 3961 1251 3998 cur

75 4029 131 4068 von
149 4015 264 4082 6666666
279 4013 332 4066 mit
351 4013 413 4068 dem
430 4014 482 4069 Inf.
510 4015 547 4069 Es
566 4013 637 4069 wird
692 4045 725 4054 -
740 4015 914 4070 66616666-
934 4031 1016 4069 suas
1033 4014 1092 4069 bet.
1107 4044 1139 4052 —
1155 4019 1180 4070 9.
1198 4031 1250 4069 66-

77 4085 168 4152 66666,
187 4083 241 4138 wie
260 4103 282 4137 z.
298 4084 328 4137 B.
350 4099 373 4138 6.
393 4090 409 4138 6
428 4086 582 4154 paratiores
600 4085 638 4139 661
691 4103 776 4139 rum:
796 4085 848 4139 mit
863 4084 1118 4154 denEreignissen,
1133 4084 1250 4140 6166616-

75 4153 168 4209 666616
192 4153 318 4224 pericula
342 4154 498 4223 subeundo,
523 4157 576 4210 mit
593 4157 637 4209 'ed
692 4155 878 4210 66166666,-
902 4158 940 4209 66
966 4173 1045 4210 non:
1073 4154 1118 4208 fiir
1140 4157 1173 4209 66
1195 4173 1250 4210 non

77 4224 229 4280 6666666166
250 4226 308 4278 und
332 4242 406 4280 zuar
430 4225 505 4280 donn
528 4227 637 4293 immor,
691 4227 796 4280 1666666
816 4227 887 4280 6666
904 4227 982 4280 6166
1000 4225 1127 4280 Ρ66611661
1145 4227 1249 4281 slehen.

75 4312 158 4351 66666
175 4295 225 4351 6166
243 4294 351 4364 Bogriff
366 4298 528 4366 „gertistet“
548 4297 638 4363 (nieht
691 4296 826 4350 Welche?
850 4298 968 4351 Werum
988 4297 1054 4352 6666
1072 4299 1104 4350 66
1122 4304 1196 4352 nou?
1216 4328 1249 4337 —

77 4365 176 4435 666616)
198 4365 422 4421 vorherrschend
444 4367 490 4422 ist.
513 4398 548 4408 —-
573 4367 637 4422 ubi:
691 4366 933 4437 Allobrogum:
956 4387 1006 4422 666
1027 4367 1124 4422 Saxone
1144 4387 1173 4421 s.
1188 4375 1264 4418 66.
