2804 4778
495 235 563 292 LIB.
583 236 657 291 VIII.
685 236 762 291 OAP.
781 242 896 304 «II-Ie.
1218 235 1284 302 289

106 405 220 463 vinciae
248 396 353 484 illius)
386 402 432 462 his
461 403 606 464 confectis
632 402 723 463 rebus
752 403 787 463 ad
811 402 943 481 legiones
966 404 996 462 in
1020 402 1155 482 Belgium
1179 423 1210 465 se
1235 423 1281 466 re-

97 493 180 571 cipit
202 489 399 569 hibernatque
423 490 669 553 Nemetocennae.

197 576 249 640 47.
286 578 330 638 lbi
358 582 511 658 cognoscit
534 579 700 640 Commium
723 579 893 640 Atrebatem
915 580 1029 659 proelio
1053 598 1121 640 cum
1146 584 1281 660 equitatu

106 686 161 729 suo
186 667 383 728 contendisse.
429 667 502 728 Nam
527 686 594 728 cum
618 670 763 729 Antonius
787 671 817 729 in
841 667 964 729 hiberna
988 671 1131 750 venisset,
1164 672 1318 730 civitas-2

107 775 165 836 que
189 755 363 816 Atrebatum
392 757 423 815 in
447 757 544 817 officio
569 764 661 837 esset,
686 755 851 837 Commius,
879 759 931 835 qui
954 765 1021 835 post
1044 757 1123 817 illam
1147 757 1280 819 vulnera·

106 848 232 926 tionem,
262 862 349 923 quam
374 862 464 924 supra
488 847 724 926 commemoravi,
748 864 866 925 semper
889 845 925 905 ad
949 863 1052 906 omnes
1075 853 1174 907 motus
1197 864 1281 926 para·

105 941 155 994 tus
188 935 250 994 suis
280 932 394 994 civibus
428 951 494 994 esse
527 940 715 1014 consuesset,
747 952 785 994 ne
815 933 941 999 ‚consilia
969 933 1038 995 belli
1069 935 1281 1012 quaerentibus

105 1030 210 1083 auctor
242 1039 391 1082 armorum
425 1020 544 1101 duxque
575 1023 705 1102 deesset,
735 1031 860 1102 parente
890 1022 1030 1083 Romanis
1062 1025 1180 1084 civitate
1213 1041 1282 1085 cum

104 1112 168 1171 suis
196 1109 347 1189 equitibus
376 1112 544 1172 latrociniis
571 1129 603 1171 se
631 1129 760 1189 suosque
792 1110 888 1171 alebat
914 1112 1091 1189 infestisque
1123 1111 1282 1173 itineribus

104 1206 293 1260 commeatus
316 1199 495 1281 complures,
519 1202 570 1280 qui
589 1198 852 1279 comportabantur
875 1202 906 1259 in
929 1198 1053 1260 hiberna
1072 1199 1283 1282 Romanorum,

103 1286 322 1366 intercipiebat.

194 1372 247 1437 48.
275 1374 347 1437 Erat
369 1376 532 1438 attributus
555 1377 683 1437 Antonio
706 1377 876 1456 praefectus
901 1378 1036 1454 equitum
1059 1375 1089 1436 G.
1113 1374 1280 1437 Volusenus

105 1463 283 1546 Quadratus,
307 1467 359 1544 qui
382 1484 451 1526 cum
474 1483 510 1526 eo
533 1465 712 1527 hibernaret.
759 1464 845 1526 Hunc
868 1465 1015 1525 Antonius
1038 1464 1074 1524 ad
1096 1482 1279 1545 persequen-

104 1552 175 1614 dum
199 1555 365 1632 equitatum
389 1553 519 1615 hostium
542 1556 642 1615 mittit.
688 1552 854 1614 Volusenus
878 1551 914 1612 ad
938 1570 1003 1613 eam
1026 1555 1179 1633 virtutem,
1203 1564 1315 1632 quaes

104 1641 263 1721 singularis
295 1650 359 1703 erat
391 1644 422 1703 in
455 1660 504 1723 eo,
537 1660 677 1722 magnum
708 1644 809 1703 odium
838 1641 962 1702 Commii
996 1640 1187 1722 adiungebat,
1220 1660 1279 1720 quo

103 1729 245 1791 libentius
272 1730 302 1791 id
331 1731 456 1812 faceret,
484 1731 563 1810 quod
592 1730 802 1810 imperabatur.
854 1731 955 1808 ltaque
985 1729 1136 1808 dispositis
1163 1729 1280 1791 insidiis

103 1820 222 1898 saepius
246 1820 362 1897 equites
386 1821 450 1880 eins
469 1824 628 1899 aggressus
647 1820 778 1880 secunda
795 1818 908 1898 proelia
927 1817 1061 1878 faciebat.
1103 1817 1278 1899 Novissime,
1299 1830 1316 1878 3

104 1925 172 1968 cum
200 1907 405 1968 vehementius
434 1907 666 1969 contenderetur
694 1925 727 1967 ac
751 1906 918 1968 Volusenus
946 1908 1040 1985 ipsius
1069 1905 1279 1984 intercipiendi

103 1995 229 2056 Commii
262 1995 422 2075 crrpidltate
456 1998 639 2075 pertinacius
672 2013 741 2056 eum
773 2013 842 2056 oum
874 1996 976 2073 paucis
1005 1996 1161 2054 insecutus
1190 2003 1278 2069 esset,

102 2083 151 2144 ille
176 2092 274 2144 autem
297 2085 366 2162 fuga
389 2083 558 2144 vehementi
576 2083 757 2145 Volusenum
779 2083 971 2163 produxisset
989 2081 1116 2162 longius,
1139 2083 1278 2142 inimicus

102 2173 216 2233 homini
240 2191 363 2233 suorum
386 2175 502 2235 invocat
525 2171 613 2233 fidem
637 2180 725 2250 atque
748 2170 904 2251 auxilium,
933 2188 970 2230 ne
1000 2188 1054 2231 sua
1077 2169 1200 2231 vulnera
1223 2189 1278 2249 per

102 2259 191 2321 fidem
215 2263 352 2340 imposita
374 2268 551 2340 paterentur
574 2263 727 2341 impunita,
751 2277 955 2337 conversoque
980 2277 1056 2337 equo
1082 2276 1113 2318 se
1132 2276 1147 2318 a
1168 2262 1278 2320 ceteris

101 2350 251 2410 incautius
278 2352 425 2427 permittit
452 2352 482 2410 in
511 2349 704 2428 praefectum.
750 2347 874 2409 Faciunt
904 2348 961 2408 hoc
984 2347 1063 2407 idem
1087 2365 1190 2407 omnes
1215 2350 1316 2409 eiust

100 2440 220 2516 equites
243 2456 412 2516 paucosque
437 2446 556 2498 nostros
575 2445 753 2499 convertunt
772 2444 860 2515 atque
880 2438 1089 2515 insequuntur.
1128 2434 1279 2497 Commius
1298 2448 1315 2498 b

101 2529 260 2587 incensum
283 2526 448 2587 calcaribus
471 2545 581 2605 equum
606 2529 758 2605 coniungit
782 2545 859 2605 equo
884 2524 1025 2596 Quadrati
1049 2523 1210 2602 lanceaque
1234 2526 1277 2584 in·

101 2615 179 2674 festa
211 2617 324 2694 magnis
356 2614 470 2675 viribus
501 2614 631 2675 medinm
664 2616 761 2675 femur
795 2614 894 2674 traicit
920 2611 1068 2673 Voluseni.
1122 2612 1314 2673 Praefectos

102 2701 258 2763 vulnerato
286 2722 346 2763 non
375 2703 511 2764 dubitant
540 2706 636 2764 nostri
659 2705 800 2763 resistere
824 2711 854 2762 et
877 2702 1029 2761 conversis
1053 2702 1138 2779 equis
1161 2699 1279 2760 hostem

101 2789 224 2870 pellere.
270 2791 355 2863 Quod
385 2791 436 2852 nbi
465 2792 585 2872 accidit,
614 2791 782 2870 complures
811 2790 940 2850 hostium
969 2806 1074 2867 magno
1105 2794 1314 2850 nostrorum?

101 2881 215 2958 impetu
239 2878 370 2959 perculsi
393 2880 587 2940 vulnerantur
605 2898 639 2940 ac
663 2881 824 2959 partimin
848 2879 917 2956 fuga
940 2884 1146 2957 proteruntur,
1169 2879 1278 2954 partim

101 2969 347 3048 intercipiuntur3
381 2968 459 3046 qnod
491 2968 600 3028 malum
630 2967 690 3028 dux
720 2969 789 3045 equi
821 2966 976 3026 velocitate
1004 2966 1139 3025 evitavit:
1171 2983 1204 3024 ac
1236 2967 1278 3024 sic

101 3055 217 3135 proelio
240 3057 372 3120 secundo
395 3059 526 3135 graviter
548 3055 585 3116 ab
604 3074 639 3116 eo
659 3055 831 3117 vulneratus
850 3055 1028 3133 praefectus,
1052 3060 1086 3114 ut
1105 3054 1180 3113 vitae
1198 3055 1276 3131 peri-

103 3143 205 3205 culum
228 3145 363 3205 aditurus
386 3144 547 3226 videretur,
570 3145 703 3205 refertur
727 3146 757 3203 in
782 3150 886 3204 castra.
928 3141 1079 3202 Commius
1098 3148 1197 3202 autem
1217 3143 1277 3201 sive
1298 3154 1315 3203 8

102 3234 219 3311 expiato
248 3251 302 3294 suo
331 3232 432 3293 dolore
463 3235 524 3293 sive
553 3251 657 3312 magna
687 3239 771 3311 parte
805 3233 912 3291 amissa
944 3247 1067 3291 suornm
1098 3228 1210 3308 legatos
1243 3229 1279 3290 ad

138 3401 663 3472 cop‚tt.2.supra:e.aa.-po-
718 3400 917 3456 hasstwurde.
956 3398 1198 3455 Siehec.23.-
1221 3416 1281 3469 per

102 3476 201 3528 rente
231 3504 264 3514 -
294 3472 451 3528 civitate:
485 3473 600 3529 civitate
626 3473 666 3527 ist
719 3472 837 3527 fidem:
860 3471 993 3526 wthrend
1017 3486 1047 3524 er
1073 3471 1138 3526 dem
1181 3471 1280 3540 egebe-

102 3543 167 3599 dem
181 3543 323 3612 equitibus
339 3545 600 3614 entgegengesetat:
620 3544 665 3598 die
719 3559 774 3602 nen
792 3543 875 3598 Wort
892 3543 1016 3612 gebrant:
1036 3541 1110 3595 denn
1123 3489 1281 3596 Voiusenus

101 3614 200 3670 Worte
230 3615 289 3671 bez.
317 3614 456 3682 desselbe‚
485 3632 542 3669 was
570 3615 666 3670 weiter
719 3614 799 3668 hatte
821 3615 872 3668 ihu
891 3629 942 3682 per
964 3612 1173 3667 simulationem
1195 3612 1280 3666 collo·

102 3685 187 3741 oben:
207 3684 350 3740 civitosin
365 3685 456 3741 officio
472 3685 662 3740 esset—in-
720 3685 780 3754 quii
801 3684 900 3739 tbdten
923 3682 1031 3739 wollsn.
1058 3714 1091 3724 —
1116 3681 1281 3751 imposita

101 3756 274 3824 festisque
292 3755 490 3811 itineribus:
510 3754 568 3810 und
582 3756 619 3811 da
633 3772 663 3810 er
717 3755 854 3810 =illats
869 3770 952 3809 -se
971 3770 989 3808 a
1007 3753 1134 3809 ceteris
1153 3783 1186 3793 -
1206 3767 1279 3820 per·

100 3827 147 3881 die
166 3827 255 3896 Wege
274 3827 403 3883 unsicher
422 3827 556 3897 gemacht
573 3827 661 3882 hatte.
716 3826 843 3882 mittit:
868 3842 919 3881 vor
942 3826 996 3880 den
1015 3823 1155 3892 Uebrigen
1178 3839 1279 3878 vorsus

603 3947 611 3959 ,
717 3899 832 3968 sprengt
860 3914 902 3966 er,
931 3897 1017 3952 stdmt
1042 3911 1072 3948 er
1095 3892 1146 3948 auf
1162 3894 1214 3948 eto.
1246 3924 1279 3932 —

138 3966 207 4038 Cap.
224 3974 268 4024 48,
297 3975 321 4023 2.
346 3985 409 4039 qno
432 3967 602 4024 libentius
628 3967 661 4022 id
716 3964 1280 4039 4.peucosnostrosrdagegenheisst

100 4039 237 4094 faceret
251 4064 285 4084 =
300 4057 355 4108 quo
369 4040 475 4094 fectum
487 4041 538 4108 est,
552 4042 661 4108 utetc.;
717 4057 747 4095 es
767 4048 790 4109 1,
812 4045 844 4094 15
863 4037 947 4108 pauci
965 4035 1000 4090 de
1019 4036 1135 4090 nostris:
1155 4036 1205 4090 der
1223 4035 1278 4090 Un-

100 4126 157 4179 quo
180 4109 344 4165 bezeichnet
364 4109 426 4164 hier
449 4110 494 4165 die
512 4109 608 4180 Folge.
628 4142 661 4151 —
716 4109 857 4166 terschied
879 4108 917 4162 ist
937 4104 1047 4161 erhlbrt
1066 4112 1090 4174 t,
1110 4112 1144 4161 II
1169 4125 1202 4160 au
1222 4107 1279 4160 tres

101 4188 128 4235 3.
156 4179 368 4236 Novissime:
400 4181 430 4234 in
461 4181 525 4237 dem
558 4182 662 4236 letzten
716 4212 750 4221 -
770 4179 1017 4249 manipulares-
1036 4182 1061 4230 5.
1082 4176 1282 4246 coniungite

102 4252 221 4307 Treffen.
259 4281 293 4292 -
325 4251 486 4307 inimicus
518 4251 661 4307 homini:
716 4251 812 4321 bringi
829 4266 901 4320 ganz
919 4249 1090 4304 nahe-t.
1111 4246 1163 4301 Die
1181 4247 1282 4302 Worte

101 4322 166 4377 weil
181 4321 338 4378 Volusenus
352 4321 407 4377 den
421 4322 563 4378 Commius
581 4323 661 4378 hatte
716 4339 748 4377 ac
773 4321 813 4376 sic
834 4320 940 4390 proelio
963 4320 1085 4375 secundo
1107 4317 1165 4373 und
1189 4317 1225 4372 ab
1245 4333 1282 4374 eo

101 4392 201 4448 tbdten
218 4393 320 4448 wollen
338 4393 396 4447 und
414 4409 470 4448 von
490 4394 596 4450 diesem
614 4409 661 4465 ge·
715 4395 766 4448 hat
783 4393 829 4448 die
848 4393 893 4448 W.
912 4392 944 4447 A.
963 4390 1052 4446 nicht.

156 4489 253 4534 cessae
267 4502 298 4534 ns
312 4503 334 4534 s.
350 4502 423 4536 osan.
1032 4486 1064 4534 19
