2804 4778
157 229 201 293 46
233 210 237 214 ’
563 227 612 280 na
630 226 749 281 annno
769 224 926 281 cantico

158 396 277 457 Caesari
305 412 393 455 causa
422 397 483 455 visa
511 411 570 453 non
599 402 660 473 est,
688 401 718 452 et
747 411 783 452 eo
813 394 919 472 magis,
943 392 1022 470 quod
1051 393 1147 471 pridie
1178 394 1243 452 eius
1274 392 1335 452 diei

158 484 297 545 Germani
324 485 447 543 retineri
479 500 539 542 non
567 490 719 561 poterant,
752 483 824 559 quin
853 482 885 540 in
915 488 1034 541 nostros
1062 480 1121 541 tela
1151 482 1334 541 conicerent.

123 572 300 651 3Legatum
324 591 340 631 e
369 573 431 631 suis
459 588 526 631 sese
554 589 659 648 magno
688 588 757 629 cum
785 568 920 649 periculo
951 570 987 629 ad
1015 587 1083 630 eum
1112 571 1275 630 missurum
1303 577 1335 630 et

121 659 326 721 thominibus
356 659 427 720 ieris
462 659 649 719 obiecturum
685 656 879 720 existimabat.
926 656 1204 718 Commodissimum
1236 661 1334 718 visum

159 758 204 809 est
228 747 332 809 Gaium
350 747 500 808 Valerium
518 747 688 828 Procillum,
712 746 742 807 C.
763 746 861 807 Valeri
879 744 987 806 Caburi
1011 746 1112 818 tilium,
1136 763 1251 806 summa
1276 748 1334 805 vir·

157 846 221 899 tute
245 846 275 897 et
297 836 479 897 humanitate
499 836 728 915 adulescentem,
748 837 834 895 carius
857 842 942 913 pater
965 852 981 893 a
1001 833 1071 894 Gaio
1090 831 1205 893 Valerio
1225 833 1333 894 Flacco

157 928 275 986 civitate
299 924 425 985 donatus
449 933 522 1004 erat,
545 933 575 985 et
597 932 721 1003 propter
744 923 832 984 fidem
861 931 890 984 et
913 931 1036 1002 propter
1064 922 1180 1000 linguae
1204 921 1335 983 Gallicae

157 1016 325 1087 scientiam,
349 1031 407 1091 qua
435 1013 527 1073 multa
554 1015 613 1073 iam
642 1012 808 1073 Ariovistus
837 1012 996 1090 longinqua
1024 1010 1240 1072 consuetudine
1268 1019 1334 1071 ute·

158 1102 255 1183 batur,
279 1110 309 1162 et
332 1101 412 1179 quod
434 1104 466 1162 in
490 1119 525 1161 eo
549 1100 691 1181 peccandi
715 1100 870 1161 Germanis
893 1117 982 1161 causa
1005 1117 1064 1159 non
1089 1108 1180 1179 esset,
1204 1099 1240 1159 ad
1264 1117 1335 1160 eum

122 1193 277 1251 omittere
306 1198 336 1250 et
363 1189 495 1250 Marcum
518 1189 654 1269 Matium,
682 1192 734 1266 qui
762 1189 890 1268 hospitio
918 1190 1058 1248 Ariovisti
1085 1186 1234 1249 utebatur.
1279 1187 1334 1247 His

160 1279 315 1359 mandarit,
337 1286 381 1359 ut,
404 1296 479 1356 quae
503 1278 616 1339 diceret
639 1278 813 1358 Ariovistus,
836 1285 1052 1355 cognoscerent
1071 1282 1101 1336 et
1123 1276 1160 1335 ad
1183 1293 1215 1335 se
1239 1276 1333 1337 reler-

122 1376 138 1425 6
158 1374 234 1426 rent.
280 1365 362 1437 Quos
385 1384 453 1426 cum
477 1366 555 1445 apud
579 1385 611 1426 se
635 1368 666 1425 in
689 1369 796 1427 castris
819 1368 984 1426 Ariovistus
1011 1366 1224 1444 conspexisset,
1247 1382 1332 1424 exer-

159 1457 220 1516 citu
240 1473 293 1515 suo
317 1458 474 1533 praesente
494 1455 701 1515 conclamavit:
724 1455 795 1533 quid
815 1454 850 1514 ad
871 1472 902 1514 se
922 1449 1080 1513 venirent?
1102 1469 1140 1512 an
1160 1452 1333 1531 speculandi

158 1539 268 1603 causa?
305 1542 444 1603 Conantis
468 1543 567 1603 dicere
591 1542 744 1622 prohibuit
767 1552 797 1603 et
819 1545 850 1603 in
873 1551 993 1603 catenas
1017 1543 1153 1601 coniecit.

246 1628 298 1692 48.
321 1631 434 1690 Eodem
467 1632 514 1691 die
547 1639 643 1692 castra
676 1632 823 1711 promovit
855 1639 884 1691 et
912 1629 1032 1691 milibus
1063 1647 1206 1708 passuum
1234 1647 1287 1689 sex
1316 1646 1331 1689 a

123 1719 293 1780 2Caesaris
321 1722 427 1779 castris
455 1719 511 1779 sub
539 1728 639 1780 monte
668 1720 810 1780 consedit.
855 1718 1002 1780 Postridie
1033 1720 1097 1801 eius
1125 1717 1185 1777 diei
1212 1726 1332 1796 praeter

159 1817 255 1868 castra
283 1807 416 1868 Caesaris
447 1826 515 1868 snas
544 1809 644 1886 copias
674 1807 806 1869 traduxit
833 1817 863 1868 et
893 1807 1013 1868 milibus
1042 1822 1185 1885 passuum
1214 1804 1332 1866 duobus

158 1896 236 1957 ultra
259 1914 328 1956 eum
351 1905 447 1956 castra
470 1897 550 1977 iecit,
573 1914 608 1957 eo
632 1896 765 1975 consilio,
788 1899 833 1957 uti
852 1897 1001 1956 frumento
1026 1902 1260 1975 commeatuque,
1280 1895 1333 1972 qui

122 1996 138 2044 3
160 2003 195 2044 ex
220 1984 365 2063 Sequanis
389 1993 419 2045 et
441 1985 551 2045 Aeduis
576 1993 817 2067 supportaretur,
840 1984 996 2044 Caesarem
1019 1982 1240 2044 intercluderet.
1287 1981 1333 2042 Ex

158 2091 193 2133 eo
216 2072 264 2133 die
288 2073 351 2132 dies
375 2075 532 2133 continuos
556 2075 688 2152 quinque
713 2073 820 2133 Caeam
842 2091 897 2152 pro
918 2075 1024 2133 castris
1047 2089 1117 2132 suas
1139 2072 1239 2149 copias
1262 2089 1331 2149 pro·

158 2161 243 2221 duxit
265 2172 295 2221 et
318 2163 412 2221 aciem
441 2163 619 2222 instructam
641 2161 759 2242 babuit,
787 2169 834 2242 ut,
861 2163 888 2220 si
910 2160 998 2221 vellet
1024 2160 1190 2219 Ariovistus
1216 2156 1332 2238 proelio

122 2261 139 2308 4
158 2249 348 2328 contendere,
367 2251 395 2308 ei
417 2257 549 2326 potestas
572 2266 632 2309 non
655 2249 781 2310 deesset.
818 2251 983 2309 Ariovistus
1001 2247 1048 2308 bis
1067 2245 1206 2307 omnibus
1225 2241 1330 2307 diebus

123 2348 138 2398 5
159 2339 323 2396 exercitum
342 2338 447 2396 castris
466 2339 622 2416 continuit,
641 2340 774 2415 equestri
792 2337 905 2417 proelio
921 2336 1028 2397 cotidie
1044 2334 1212 2397 contendit·
1230 2334 1332 2396 Genus

157 2541 227 2595 Lust
245 2541 333 2595 hatte.
348 2573 381 2581 -
397 2546 422 2597 2.
442 2556 558 2595 causa:
577 2539 639 2594 eine
659 2543 716 2609 (ge-
772 2540 847 2595 eines
862 2539 1042 2609 Fragesatzes
1060 2539 1090 2593 in
1108 2534 1236 2610 obliqner
1253 2541 1331 2597 Reda

157 2612 296 2682 niigenda)
319 2611 533 2681 Varanlassung.
558 2642 590 2650 —
619 2613 652 2665 et
680 2627 717 2665 eo
770 2612 828 2665 und
853 2611 898 2664 fiir
922 2626 960 2664 an
985 2612 1092 2680 (etwa),
1122 2611 1242 2666 welches
1268 2612 1331 2668 eina

157 2681 718 2753 magis:at‚undnwor.-retineri
771 2681 869 2736 zweite
896 2682 987 2751 Frage
1016 2680 1069 2734 mit
1097 2682 1332 2754 Unterdriiclmng

156 2771 219 2808 non
240 2785 273 2792 —
293 2753 389 2823 quin:
408 2752 512 2808 wieder
530 2752 576 2807 ein
594 2751 717 2822 Beispiel
771 2752 821 2808 der
840 2755 962 2807 crateron
981 2752 1114 2809 einleitet

156 2825 202 2878 hir
225 2825 300 2892 quin.
324 2856 360 2864 —
382 2831 407 2879 3.
431 2825 609 2893 Legatum:
635 2824 717 2878 einen
807 2822 873 2893 Cap.
898 2829 940 2878 48.
966 2830 989 2877 1,
1014 2825 1180 2878 castra-
1206 2823 1331 2879 castris

156 2896 367 2964 Abgesandten3
391 2895 441 2950 das
463 2895 639 2950 Verhttltniss
666 2895 716 2949 das
771 2896 938 2950 —castra
961 2924 995 2934 —
1020 2896 1148 2948 castra:
1174 2894 1257 2948 achte
1282 2893 1334 2951 auf

157 2967 251 3021 Satzes
272 2985 306 3020 zu
324 2965 389 3020 dem
406 2966 655 3035 vorbergehenden
677 2965 716 3019 ist
771 2965 816 3020 die
831 2965 877 3021 bei
888 2965 972 3020 Ctsar
986 2965 1029 3019 oft
1042 2963 1269 3034 vorkommende‚
1279 2966 1330 3019 aus'

154 3037 242 3092 leicht
265 3055 298 3090 zu
320 3037 421 3091 finden.
446 3067 480 3076 —
507 3043 533 3090 4.
564 3035 716 3090 Commo·
770 3036 834 3090 dem
849 3036 968 3091 Streben
980 3035 1054 3089 nach
1062 3034 1331 3091 Deutliohlrsither-

156 3106 343 3162 dissimum:
371 3107 444 3162 auch
466 3106 516 3160 das
540 3104 716 3160 Verh'atltniss
770 3106 948 3176 vorgehende
967 3105 1189 3176 Wiederholung
1208 3105 1285 3161 aines
1302 3125 1329 3162 u.

156 3176 246 3231 dicam
263 3176 360 3231 Satzes
378 3196 412 3230 zu
431 3177 495 3231 dem
512 3177 716 3246 vorhergehen-
770 3177 917 3232 desselben
944 3176 1068 3231 Wortes:
1099 3176 1139 3229 im
1170 3177 1331 3233 Deutsohen

156 3248 210 3302 dan
228 3245 266 3299 ist
283 3247 372 3301 leicht
389 3266 422 3301 zu
441 3247 593 3313 erkannen3
617 3246 716 3302 macha
769 3247 891 3303 wechsle
914 3263 980 3301 mun
1003 3247 1032 3301 in
1055 3247 1104 3301 der
1121 3247 1331 3318 Uebarsetaung

157 3334 186 3372 es
204 3317 292 3371 durch
310 3318 371 3371 eine
385 3317 514 3372 Partikel
531 3315 666 3372 deutlich.
682 3348 716 3356 -
770 3318 806 3372 ab
826 3317 883 3371 und
901 3319 974 3372 setae
987 3316 1165 3375 Pronomina.
1194 3319 1289 3389 Vergl.
1307 3335 1329 3374 o.

156 3386 385 3442 humanitate:
410 3388 483 3442 ieine
502 3387 637 3456 Bildung‚
661 3386 715 3442 Ge·
769 3395 803 3444 49
822 3388 916 3442 locum
934 3417 968 3428 —
987 3388 1050 3443 loco
1069 3419 1102 3428 -
1121 3388 1215 3443 locum
1233 3420 1267 3429 -
1287 3389 1331 3446 lo·

154 3458 319 3513 wandtheit.
339 3489 372 3497 -
391 3457 494 3513 fides:
514 3458 660 3512 Zutrauen.
680 3487 714 3498 -
769 3475 833 3513 oum
851 3490 885 3498 -
903 3459 988 3513 locus.
1003 3490 1039 3500 -
1053 3465 1077 3514 2.
1096 3462 1249 3529 praeter:
1268 3476 1331 3515 vor·

155 3528 265 3583 multa
288 3529 347 3582 bez.
374 3529 424 3583 anf
451 3529 578 3598 linguae:
611 3528 715 3598 hbufig,
768 3529 822 3584 bei.
852 3561 885 3569 -
918 3530 1091 3584 frumento
1123 3532 1330 3585 commeatu·

155 3599 205 3654 oft.
238 3630 271 3638 -
304 3599 497 3669 longinqua
529 3601 715 3654 consuetu·
770 3600 1330 3669 que:iiberdasVerhtltnisaderWorte

155 3669 232 3724 dine
250 3669 288 3724 ist
305 3669 369 3727 Abl.
388 3670 415 3724 d.
434 3668 574 3725 Grandes:
597 3669 662 3724 weil
686 3685 716 3723 er
770 3689 791 3724 s.
811 3689 832 3726 o.
853 3677 896 3739 39,
916 3689 964 3725 zur
982 3672 1095 3727 Uebers.
1114 3687 1171 3727 von
1188 3672 1329 3728 frumento

154 3741 283 3796 ziemlioh
307 3740 391 3810 lange
414 3741 547 3795 verhehrt
574 3741 637 3809 (mit
661 3740 716 3795 den
769 3761 790 3796 s.
810 3757 832 3798 o.
852 3749 895 3797 23.
915 3773 948 3782 -
968 3758 1008 3796 ex
1025 3741 1208 3812 Sequanis:
1227 3760 1249 3796 s.
1269 3759 1293 3798 c.
1314 3749 1329 3798 1

154 3812 298 3881 Galliam).
333 3810 499 3881 Vargleiohe
519 3812 570 3865 das
592 3817 616 3879 6,
633 3817 676 3879 27,
698 3817 714 3865 5
769 3831 803 3866 zu
822 3814 933 3884 Belgae.
950 3843 982 3852 —
997 3813 1106 3868 aciem
1123 3813 1330 3869 instructam

153 3902 186 3937 zu
214 3883 414 3937 consuetudine
437 3882 593 3937 Bemerkte.
618 3912 652 3921 -
680 3882 715 3936 in
767 3883 905 3938 habuit:
924 3884 982 3937 und
1000 3883 1072 3938 hielt
1090 3883 1130 3939 sie
1143 3883 1331 3940 inSohlaaht·

153 3971 191 4008 eo
210 3953 391 4022 peccandi:
411 3952 471 4008 sich
485 3953 714 4007 anihmzuver-
768 3955 896 4024 ordnung
923 3955 1098 4024 anigestellt,
1133 3974 1154 4010 s.
1183 3971 1206 4010 c.
1236 3961 1268 4010 15
1296 3973 1331 4011 zu

153 4024 268 4094 graifen,
281 4040 372 4094 gegen
384 4024 435 4079 ihn
449 4023 509 4078 siah
522 4024 714 4093 nuvergehan.
768 4028 896 4080 coactum
919 4025 1050 4081 babebat.
1073 4055 1108 4065 -
1131 4027 1169 4079 ut
1187 4027 1254 4080 eta:
1277 4026 1331 4080 wir

154 4125 188 4135 -
207 4098 311 4150 esset:
331 4095 380 4150 der
398 4095 486 4165 conj,
505 4093 570 4149 weil
587 4112 640 4149 nur
658 4094 714 4149 An·
768 4095 976 4167 gewdhnliehar
1002 4097 1056 4152 mit
1079 4096 1254 4167 Versetsnng
1279 4097 1330 4152 dos

154 4165 228 4220 sioht
245 4167 293 4220 des
311 4165 403 4222 Citsar.
421 4197 455 4206 -
474 4173 499 4220 6.
519 4166 714 4220 conclama·
769 4167 947 4223 Substantias
956 4167 1015 4222 und
1022 4168 1207 4222 Pronomens:
1222 4183 1253 4222 so
1263 4166 1330 4224 dass

154 4236 217 4290 vit:
244 4237 334 4291 sobrie
359 4254 389 4291 er
412 4237 487 4307 lant,
514 4236 580 4291 weil
607 4254 637 4292 es
664 4237 714 4291 das
769 4236 833 4292 dem
850 4238 991 4308 Ariovist,
1014 4255 1096 4294 wenn
1119 4255 1149 4293 er
1171 4240 1225 4294 eta.
1243 4268 1288 4285 -,
1302 4245 1329 4295 t.

153 4306 228 4361 Heer
259 4307 347 4362 hdren
378 4309 468 4364 sollte.
499 4339 532 4348 —-
566 4307 648 4377 quid
681 4338 713 4347 -
769 4308 1052 4376 exercitumwird
1075 4308 1331 4365 obdormitum

140 4383 270 4429 eausa?
311 4377 439 4445 Beispiel
469 4379 518 4434 fiir
549 4379 604 4434 den
636 4378 715 4449 Conj.
769 4380 1329 4451 entgegengasetnt.-eque'striproe-
