2804 4778
161 225 225 290 108
564 225 612 279 Du
631 222 750 278 BELLO
770 221 927 277 GALLICO

161 401 191 453 et
205 393 328 471 pertidia
343 400 373 451 et
387 391 573 451 simulatione
588 391 635 449 usi
650 389 790 449 Germani
806 389 978 466 frequentes
994 387 1133 448 omnibus
1146 387 1338 467 prinpribus

125 493 141 542 5
161 479 382 558 maioribusque
404 488 477 540 natu
500 478 639 539 adhibitis
663 478 698 537 ad
722 495 791 537 eum
814 479 845 536 in
869 484 965 537 castra
996 486 1155 556 venerunt,
1179 477 1277 558 simul,
1301 488 1338 539 ut

161 568 322 647 dicebatur,
346 570 393 628 sui
415 566 562 648 purgandi
585 584 683 646 causa,
706 565 785 643 quod
809 573 930 645 contra,
953 573 1041 644 atque
1066 575 1144 648 esset
1167 565 1281 626 dictum
1307 575 1338 628 et

159 659 216 737 ipsi
239 659 393 736 petissent,
416 656 562 735 proelium
586 655 680 733 pridie
701 656 927 733 commisissent,
950 652 1038 714 simul
1060 662 1104 735 ut,
1126 656 1151 714 si
1171 655 1241 731 quid
1265 673 1336 734 pos-

124 752 240 826 osent,
266 745 302 804 de
332 745 455 805 indutiis
484 743 610 803 lallando
638 745 842 822 impetrarent.
889 741 970 813 Qum
998 741 1055 802 sibi
1083 741 1191 803 Caesar
1219 741 1336 804 oblatos

159 835 276 912 gavisus
299 833 365 893 illos
389 835 513 893 retmeri
536 834 636 911 iussit;
659 834 723 910 ipse
747 849 850 891 omnes
873 826 981 909 copias
997 833 1103 892 castris
1125 831 1227 892 eduxit
1251 833 1337 911 equi·

159 929 323 1002 tatumque,
341 921 420 999 quod
444 923 559 980 recenti
577 919 690 998 proelio
713 921 907 999 perterritum
927 937 993 979 esse
1013 918 1208 1001 existimabat,
1228 937 1337 999 agmen

160 1010 303 1088 subsequi
326 1012 421 1069 iussit.
1196 1016 1201 1025 ·

251 1095 301 1158 14.
325 1097 394 1157 Acie
414 1097 524 1176 triplici
547 1098 683 1157 instituta
702 1102 733 1156 et
756 1095 893 1157 celeriter
912 1094 977 1154 VIII
1000 1094 1114 1155 milium
1137 1097 1245 1157 itinere
1264 1115 1337 1158 con·

160 1188 238 1248 lecto
261 1188 346 1265 prIus
370 1186 405 1244 ad
429 1186 558 1246 hostium
582 1193 679 1244 castra
702 1187 845 1265 pervenit,
870 1202 967 1264 quam,
990 1185 1061 1263 quid
1085 1195 1239 1265 ageretur,
1262 1185 1338 1247 Ger·

125 1277 240 1335 amani
268 1276 379 1334 sentire
411 1282 541 1353 possent.
589 1273 646 1345 Qui
678 1272 816 1333 omnibus
848 1273 940 1333 rebus
973 1272 1071 1332 subito
1103 1276 1272 1356 perterriti,
1307 1285 1339 1338 et

161 1362 311 1423 celeritate
327 1362 471 1423 adventus
490 1364 586 1422 nostri
604 1371 634 1422 et
648 1361 782 1422 discessu
802 1379 934 1441 suorum,
953 1379 1051 1440 neque
1072 1361 1188 1422 consilii
1206 1362 1338 1425 habendi

161 1469 258 1529 neque
283 1468 363 1510 arma
392 1450 527 1529 capiendi
550 1452 645 1529 spatio
674 1449 741 1510 dato
771 1449 1008 1530 perturbantur,
1030 1452 1168 1529 copiasne
1192 1451 1340 1514 adversus

161 1539 278 1599 hostem
301 1539 421 1619 ducere,
444 1558 481 1599 an
505 1547 602 1599 castra
625 1538 799 1619 defendere,
822 1557 859 1598 au
883 1539 952 1617 luga
974 1538 1100 1599 salutem
1122 1548 1225 1617 petere
1249 1559 1338 1620 prae·

125 1640 141 1688 3
162 1636 262 1688 staret.
300 1627 435 1698 Quorum
457 1629 548 1688 timor
571 1645 638 1688 cum
663 1627 784 1687 fremitu
807 1635 838 1687 et
860 1645 1009 1688 concursu
1033 1628 1260 1712 significaretur,
1283 1632 1339 1691 mi-

125 1715 228 1776 chtes
252 1718 347 1775 nostri
370 1718 488 1795 pristini
512 1715 571 1776 diei
593 1715 716 1794 perfidia
739 1716 853 1775 incitati
876 1718 907 1775 in
929 1723 1025 1776 castra
1047 1718 1231 1795 irruperunt.
1269 1719 1338 1791 Quo

160 1804 241 1884 loco,
265 1807 317 1883 qui
340 1804 478 1864 celeriter
501 1821 582 1864 arma
606 1822 711 1883 capere
739 1813 916 1884 potuerunt,
939 1803 1090 1883 paulisper
1112 1807 1225 1866 nostris
1248 1810 1339 1869 resti-

159 1902 262 1953 terunt
285 1901 373 1971 atque
396 1895 475 1953 inter
504 1911 606 1953 carros
634 1893 904 1971 ImpedImentaque
931 1891 1078 1971 proelium
1108 1897 1340 1963 commiserunt:

124 1989 190 2042 sat
217 1982 331 2060 reliqua
359 1981 517 2042 multitudo
546 1999 709 2060 puerorum
738 1980 956 2059 mulierumque
985 1973 1067 2062 (nam
1099 2000 1167 2043 eum
1196 1985 1340 2048 omnibus

160 2072 221 2131 suis
237 2071 323 2131 domo
344 2077 533 2131 excesserant
546 2069 744 2148 Rhenumque
764 2064 958 2149 transierant)
974 2072 1084 2149 passim
1100 2071 1203 2149 lugere
1223 2077 1341 2157 coepit,

159 2158 195 2218 ad
219 2177 294 2238 quos
319 2158 534 2219 consectandos
558 2157 665 2219 Caesar
688 2160 854 2236 equitatum
877 2159 965 2219 misit.

251 2243 300 2307 15.
325 2246 464 2306 Germani
487 2254 556 2325 post
578 2254 696 2324 tergum
719 2246 847 2307 clamore
871 2247 985 2328 audito,
1013 2265 1081 2308 cum
1113 2266 1184 2309 suos
1207 2251 1341 2312 interfici

158 2468 232 2522 nach
255 2468 371 2535 accidit,
396 2470 469 2522 nach
488 2469 623 2524 welchem
642 2470 721 2523 sonat
773 2471 844 2539 tung
862 2469 901 2523 ist
920 2469 962 2524 oft
979 2471 1113 2526 erwtbnt.
1133 2501 1167 2510 -
1194 2479 1219 2528 6.
1239 2473 1340 2528 ohla-

159 2538 220 2593 eine
244 2538 346 2594 andere
364 2539 491 2594 Partikel
513 2540 604 2611 folgtt
629 2572 662 2580 -
687 2543 720 2594 et
773 2542 826 2595 tos
844 2541 936 2594 ribers.
954 2541 1059 2596 medial
1077 2543 1145 2597 oder
1161 2543 1287 2599 reflexim
1304 2575 1340 2587 -

158 2608 308 2679 pertidia
327 2612 360 2665 et
378 2611 617 2666 simulatione:
636 2612 718 2666 beide
773 2611 856 2665 illos
875 2612 948 2665 nach
967 2628 1037 2681 quos
1060 2612 1099 2668 ist
1120 2613 1342 2684 herbeigefirhrt

158 2680 279 2750 Begriffe
304 2681 395 2736 lassen
414 2684 474 2736 sich
492 2682 719 2749 nnterscheiden;
772 2682 862 2736 durch
881 2683 930 2735 das
949 2682 1080 2752 folgende
1098 2684 1170 2753 ipse.

159 2755 267 2821 (wegen
286 2755 366 2806 et-
386 2757 414 2808 et
438 2753 477 2808 ist
495 2753 540 2808 die
559 2753 719 2824 Erkldrung

159 2822 246 2877 durch
259 2823 496 2879 Annahmeeines
513 2821 610 2879 ‘indici
628 2827 718 2894 doeio,
808 2823 875 2893 Cap.
896 2830 937 2878 14.
964 2832 986 2878 1.
1011 2825 1107 2894 prius
1131 2843 1244 2894 quam:
1270 2847 1292 2881 a.
1313 2834 1341 2906 2,

159 2911 180 2948 s.
210 2900 238 2962 1,
267 2900 296 2962 2,
324 2900 339 2948 5
368 2914 403 2949 zu
429 2896 499 2950 belli
526 2898 611 2965 atque
638 2895 716 2950 forti·
773 2900 813 2950 12.
834 2926 867 2934 -
891 2901 916 2949 2.
940 2895 1093 2951 omnibus
1116 2898 1218 2953 rebus
1240 2898 1281 2954 ist
1305 2905 1339 2973 3,

157 2964 277 3033 tudinis,
313 2965 393 3020 nieht
424 2967 476 3035 gut
506 2966 649 3036 moglich).
683 2997 716 3007 —
772 2972 805 3020 17
826 2965 1236 3024 erkltrt.-cel'eritete-
1257 2987 1340 3043 suq-

158 3035 319 3090 Germani
341 3036 543 3105 frequentes
562 3068 597 3077 —
616 3053 717 3092 vene·
771 3054 856 3091 rum:
884 3036 930 3091 die
954 3037 1018 3092 Abl.
1042 3039 1186 3094 enthelten
1212 3040 1259 3096 die
1285 3043 1340 3098 Ur-

158 3108 250 3160 runt:
260 3105 356 3160 indam
365 3107 421 3161 alle
431 3107 604 3178 Hauptlinge
613 3127 640 3162 ιι.
651 3126 671 3162 s.
682 3127 717 3162 ιι.
772 3108 855 3161 sache
869 3108 918 3162 des
930 3109 1112 3164 Schreclrens:
1127 3127 1265 3167 suorum
1279 3114 1339 3173 di

159 3193 193 3229 zu
214 3176 305 3230 dieser
319 3177 535 3232 Gesandtschalt
552 3180 718 3248 ge'nornmen
771 3178 929 3247 principum
963 3180 991 3233 et
1022 3180 1160 3235 maiorum
1192 3185 1272 3238 natu.
1302 3217 1339 3228 -

159 3246 273 3300 worden
298 3263 404 3314 waren3
431 3248 489 3302 also
513 3248 558 3303 die
578 3248 718 3318 Germani,
772 3249 1026 3318 perturbantur
1044 3252 1120 3306 steht
1137 3252 1177 3306 im
1195 3259 1340 3324 prignan-

159 3317 266 3371 welche
280 3317 437 3384 frequentes
451 3318 562 3386 kamen,
572 3319 636 3385 sind
650 3321 720 3374 eben
772 3322 822 3374 ten
837 3319 918 3388 Sinn,
938 3337 967 3375 es
981 3320 1147 3378 wiederholt
1161 3323 1215 3378 den
1229 3326 1345 3398 Begriff

161 3386 206 3440 die
228 3387 368 3456 principes
392 3389 568 3458 majoresque
590 3391 672 3457 natu3
697 3409 718 3447 s.
772 3408 828 3445 von
846 3391 910 3445 dem
928 3390 1025 3446 weiter
1047 3394 1340 3467 vorhergegengenen

161 3464 219 3511 cl
248 3475 352 3527 magna
377 3475 440 3513 cum
462 3459 643 3516 multitudine
670 3463 719 3517 ho·
773 3461 915 3531 perterriti
942 3463 1000 3517 und
1033 3464 1162 3520 schliesst
1195 3466 1250 3521 den
1278 3486 1340 3526 von

160 3529 268 3582 minum
295 3529 353 3583 und
384 3536 414 3598 3,
442 3536 475 3584 23
504 3549 538 3585 zu
569 3532 720 3587 denselben
773 3531 902 3587 dubitare
934 3534 1001 3588 oder
1032 3535 1137 3590 nescire
1169 3536 1232 3592 ein:
1271 3540 1339 3608 „sie

161 3598 287 3654 Worten.
307 3631 341 3640 -
360 3607 385 3655 5.
405 3601 507 3656 simul
520 3633 556 3643 -
570 3603 671 3657 simul
685 3630 719 3649 =
772 3606 894 3658 wusaten
912 3604 943 3659 in
966 3605 1016 3659 der
1033 3606 1208 3678 Bestiirzung
1226 3609 1339 3667 nichtt‘.⁴

162 3672 196 3725 et
214 3700 248 3710 -
267 3673 307 3727 et.
328 3703 361 3711 —
380 3672 433 3726 sui
451 3674 624 3743 purgandi
643 3691 719 3729 cau·
774 3705 808 3714 -
826 3675 1005 3745 copiasne:
1029 3695 1049 3730 s.
1071 3684 1098 3744 1,
1119 3684 1134 3732 2
1154 3697 1188 3732 mr
1207 3679 1339 3751 civitati3

161 3758 210 3794 sa:
229 3742 333 3796 wieder
347 3742 393 3798 ein
406 3743 528 3812 Beispiel
546 3763 579 3798 zu
597 3745 719 3801 welcher
772 3745 896 3815 Beispiel
923 3745 1000 3801 einer
1026 3748 1266 3820 mehrgliedrigen
1291 3752 1339 3808 in-

160 3813 267 3883 Regel?
305 3813 483 3869 Wiederhole
508 3816 558 3870 das
586 3823 615 3885 3,
643 3823 673 3886 4,
702 3824 716 3871 1
773 3816 899 3872 director
919 3817 1019 3887 Frage.
1042 3850 1077 3859 -
1100 3825 1124 3873 3.
1151 3821 1340 3890 significa-

160 3887 243 3938 unter
274 3884 470 3940 administrare
499 3886 655 3942 Bemerkte.
685 3919 718 3927 -
772 3889 871 3942 retur
901 3889 1044 3944 tibersetze
1071 3891 1176 3947 medial
1198 3891 1268 3947 oder
1291 3912 1340 3952 re·

161 3958 281 4010 contra
295 3987 328 3997 —
342 3955 516 4026 petissent
528 3958 585 4012 wid
598 3959 719 4028 possead
772 3958 863 4015 flexiv.
878 3990 909 3998 -
924 3959 1068 4028 pristini
1083 3960 1248 4032 (gastrigen)
1262 3963 1339 4022 diei

161 4024 248 4079 durch
262 4027 442 4082 substantive
456 4028 609 4084 dhersetzt:
629 4045 719 4100 gagen
772 4028 941 4098 perfidia:
965 4030 1020 4085 den
1039 4031 1131 4088 Genii.
1149 4033 1240 4088 libers.
1259 4037 1349 4092 nach·

160 4095 205 4151 die
224 4098 377 4166 getroffene
393 4099 588 4170 Bestimmung
606 4118 633 4154 u.
648 4119 669 4155 s.
684 4119 717 4153 w.
774 4107 799 4169 1,
814 4107 830 4155 2
849 4118 884 4154 zu
901 4101 982 4171 regni
999 4103 1039 4169 b.;
1059 4104 1161 4159 ebenso
1175 4108 1341 4165 clotarii

160 4197 194 4207 -
214 4170 345 4236 contra,
365 4172 483 4239 atque:
503 4170 593 4240 Beisp.
609 4170 655 4225 fiir
672 4170 719 4225 die
772 4171 842 4226 belli
865 4189 893 4225 u.
917 4189 939 4228 o.
965 4178 997 4226 16
1024 4175 1255 4244 occupationibus
1280 4179 1340 4234 rei-

158 4238 405 4294 Ausdrucksweise
423 4240 473 4294 der
490 4241 718 4296 Aduerbialsitze
771 4241 909 4312 publicae.
925 4273 958 4283 —
973 4245 1128 4300 incitati:
1148 4248 1274 4319 erciirnt,
1293 4266 1340 4305 er·

159 4308 209 4360 der
221 4310 275 4362 Art
287 4309 428 4366 u.Weise.
444 4341 476 4350 -
497 4311 536 4365 de
554 4311 717 4366 indutiis:
772 4311 880 4368 bittert.

143 4376 226 4429 dein
241 4379 719 4440 derhierstettfindendenBedeu·
784 4434 785 4438 ,
809 4383 876 4455 (lap.
897 4391 938 4440 15.
963 4392 987 4440 1.
1007 4386 1167 4442 Germani
1184 4419 1219 4428 -
1238 4389 1341 4448 vide-
