2804 4778
143 233 226 296 248'
548 233 596 286 DE
616 232 733 287 BELLO
753 231 909 288 GALLICO

108 400 290 461 eresedisse
323 399 468 479 sperabat.
522 398 636 458 Horum
668 398 853 477 principibus
884 401 1038 481 pecunias,
1070 402 1183 462 civitati
1217 410 1329 463 autem

141 491 300 567 imperium
323 491 415 549 totius
438 490 606 567 provinciae
629 487 794 565 pollicetur.

232 574 283 638 65.
312 578 355 638 Ad
382 578 437 637 hos
465 595 568 637 omncs
598 593 684 635 casus
711 577 829 654 provisa
857 583 941 636 erant
971 577 1116 656 praesidia
1144 579 1329 640 cohortium

142 666 268 726 duarum
292 675 322 728 et
345 667 462 745 viginti,
486 683 561 743 quae
585 683 621 725 ex
643 666 707 743 ipsa
729 667 880 742 provincia
903 663 939 724 ab
957 665 1049 726 Lucio
1068 665 1194 727 Caesare
1218 667 1329 746 legato

107 754 177 814 aad
207 773 309 816 omnes
337 764 437 834 partes
465 753 699 833 opponebantur.
750 752 845 812 Helvii
873 772 926 813 sua
953 762 1057 833 sponte
1085 773 1152 815 cum
1181 757 1332 817 finitimis

142 843 255 921 proelio
288 845 441 922 congressi
473 842 625 921 pelluntur
657 849 687 901 et
719 840 790 901 Gaio
818 840 933 901 Valerio
966 842 1170 924 Donnotauro,
1204 844 1326 905 Caburi

142 931 215 1012 filio,
238 933 373 1011 principe
393 933 532 1009 civitatis,
555 929 816 1008 compluribusque
837 929 901 990 aliis
923 932 1087 991 interiectis
1108 933 1187 992 intra
1206 935 1328 1013 oppida

107 1033 123 1080 3
143 1038 176 1079 ac
200 1038 301 1080 muros
324 1019 550 1098 compelluntur.
595 1017 768 1097 Allobroges
792 1017 906 1078 crebris
930 1018 964 1078 ad
988 1019 1161 1080 Rhodanum
1186 1020 1323 1101 disposi-

142 1111 181 1168 tis
215 1110 369 1189 praesidiis
401 1125 505 1186 magna
538 1125 605 1167 cum
639 1125 710 1167 cura
740 1115 770 1167 et
805 1106 954 1185 diligentia
981 1127 1051 1168 suos
1080 1109 1152 1169 fines
1182 1118 1327 1171 tuentur.

106 1207 124 1255 4
144 1195 264 1277 Caesar,
288 1196 366 1275 quod
390 1195 492 1257 hostes
516 1197 650 1274 equitatu
674 1197 846 1274 superiores
869 1213 934 1256 esse
958 1196 1145 1275 intellegebat
1169 1206 1200 1258 et
1223 1201 1324 1259 inter-

143 1284 234 1345 clusis
258 1285 395 1345 omnibus
418 1284 576 1345 itineribus
599 1284 678 1344 nulla
701 1303 734 1344 re
759 1303 794 1344 cx
821 1286 971 1363 provincia
1002 1294 1088 1362 atque
1112 1285 1194 1346 ltalia
1219 1287 1328 1347 suble-

143 1375 205 1432 vari
235 1381 363 1452 poterat,
393 1382 474 1433 trans
498 1373 635 1433 Rhenum
658 1375 688 1433 in
712 1372 899 1432 Germaniam
923 1375 1012 1433 mittit
1038 1373 1074 1432 ad
1098 1392 1147 1434 eas
1170 1377 1326 1456 civitates,

143 1479 216 1539 quas
245 1461 449 1541 superioribus
477 1464 562 1522 annis
589 1469 759 1542 pacaverat,
787 1464 961 1541 equitesque
989 1461 1025 1521 ah
1054 1462 1101 1522 his
1129 1467 1258 1523 arcessit
1291 1472 1325 1524 et

107 1549 215 1610 tlevis
234 1559 399 1611 armaturae
423 1549 552 1631 pedites,
575 1552 626 1629 qui
649 1553 798 1610 intereos
821 1549 960 1629 proeliari
982 1558 1167 1610 consuerant.
1201 1551 1323 1613 Eorum

143 1638 284 1719 adventu,
314 1639 392 1718 quod
420 1640 519 1699 minus
547 1638 661 1699 idoneis
685 1641 771 1716 equis
793 1637 967 1719 utebantur,
997 1657 1013 1698 a
1035 1638 1164 1699 tribunis
1187 1641 1323 1701 militum

142 1726 324 1806 reliquisque
349 1727 499 1806 equitibus
522 1727 662 1787 Romanis
686 1736 774 1806 atque
805 1729 933 1787 evocatis
961 1745 1053 1805 equos
1081 1729 1171 1788 sumit
1194 1728 1323 1789 Germa-

99 1887 110 1906 .
142 1817 248 1893 nisque
272 1816 457 1900 distribuit„
1127 1871 1130 1876 .

61 1979 63 1984 .
232 1919 283 1982 66.
306 1921 436 2001 Interea,
459 1921 530 1982 dum
554 1922 627 1981 haec
650 1930 809 2001 geruntur,
836 1921 968 1981 hostium
990 1923 1091 2000 copiae
1115 1938 1150 1981 ex
1174 1923 1324 1985 Arvernis

108 2013 333 2090 aequitesque,
365 2013 416 2088 qui
448 2013 503 2070 toti
535 2009 643 2070 Galliae
676 2019 761 2070 erant
792 2011 942 2088 imperati,
976 2013 1162 2071 conveniunt.
1208 2011 1324 2092 Magno

145 2099 252 2159 horum
276 2106 385 2174 coacto,
398 2115 537 2178 numero,
561 2117 629 2159 cum
648 2097 756 2158 Caesar
778 2101 809 2159 in
830 2098 983 2176 Sequanos
1005 2117 1060 2177 per
1078 2107 1228 2160 extremos
1247 2099 1322 2162 Lin-

142 2206 253 2265 gonum
282 2189 356 2246 lines
384 2190 441 2247 iter
469 2187 595 2266 laceret,
624 2205 683 2265 quo
712 2186 826 2247 lucilius
850 2186 1016 2247 subsidium
1043 2189 1210 2265 provinciae
1243 2190 1323 2250 lerri

143 2283 256 2355 posset,
280 2277 400 2334 circiter
418 2275 498 2335 milia
516 2293 657 2353 passuum
676 2274 702 2333 x
720 2274 756 2334 ah
772 2275 911 2335 Romanis
930 2276 1016 2335 trinis
1035 2277 1139 2335 castris
1153 2274 1320 2356 Vercinge-

143 2480 263 2549 endigte.
301 2480 395 2549 Vergl.
416 2487 440 2548 1,
460 2487 484 2536 6.
504 2510 538 2521 -
557 2487 582 2536 8.
601 2497 702 2549 pecu·
756 2481 863 2536 mische
876 2481 969 2535 Ritter
982 2482 1012 2535 in
1025 2481 1253 2552 derUmgebung
1269 2485 1325 2540 des

142 2551 229 2604 nias:
249 2551 308 2605 iibs.
329 2552 400 2605 euch
419 2551 473 2605 den
490 2551 595 2606 Plurel.
756 2552 847 2606 Cesar.
885 2551 968 2607 Diese
988 2552 1074 2606 Stelle
1095 2551 1226 2620 beweist,
1250 2554 1322 2610 dese

178 2620 244 2690 Cap.
265 2627 307 2677 65.
341 2629 364 2676 1.
388 2622 454 2677 Ad:
477 2623 531 2677 mit
548 2621 704 2678 Riicksicht
755 2623 801 2677 die
818 2621 1048 2692 Kriegstribunen
1066 2623 1116 2677 der
1133 2623 1238 2678 ltdmer
1256 2630 1321 2681 ent-

142 2693 198 2760 ers,
217 2693 243 2746 d.
257 2692 276 2748 i.
291 2693 363 2747 hier:
382 2711 482 2763 gegen,
500 2693 552 2747 fiir.
571 2724 607 2733 —
625 2710 701 2762 pro·
754 2693 848 2748 weder
877 2710 928 2748 eus
956 2695 1019 2748 dem
1046 2693 1237 2749 Rittcrstunde
1266 2715 1323 2752 un·

142 2764 218 2819 visa
243 2767 341 2818 erant
365 2763 454 2818 heissc
481 2765 554 2834 εἰς]
582 2764 701 2820 standan
755 2764 1075 2834 mittelbargenommen
1089 2764 1155 2819 oder
1170 2764 1258 2821 durch
1273 2767 1323 2823 die

142 2835 380 2890 inBereitscheit.
397 2866 432 2874 -
451 2835 629 2904 praesidio
647 2851 700 2890 co·
755 2835 841 2890 Wahl
873 2854 906 2889 zu
937 2835 1167 2904 Kriegstribunen
1197 2836 1229 2890 in
1262 2838 1321 2893 den

46 2945 49 2951 -
141 2906 305 2962 hortium:
331 2923 352 2960 s.
379 2925 413 2960 zu
438 2923 461 2960 o.
487 2913 527 2960 11.
554 2938 589 2947 -
616 2923 701 2975 quae
755 2906 930 2960 Ritterstand
967 2907 1089 2961 erhoben
1125 2907 1249 2961 wurden.
1285 2941 1322 2950 —

143 2995 181 3032 ex
203 2977 279 3046 ipse
300 2977 497 3046 provincia:
521 2978 583 3032 eine
602 2977 702 3046 Kiirze,
756 2977 922 3032 evocetis:
938 2977 1048 3031 evocati
1062 2977 1322 3035 hiessendieolten

143 3049 188 3103 die
197 3048 238 3102 im
247 3048 408 3102 Deutschen
421 3048 500 3102 nicht
513 3048 703 3118 nachgeahmt
756 3047 887 3117 Krieger,
911 3048 1016 3102 welche
1036 3047 1080 3101 die
1098 3049 1322 3120 gesetzm'assige

142 3120 254 3173 werden
272 3119 362 3185 kann3
385 3118 452 3188 fiige
471 3119 517 3172 ein
534 3119 611 3172 Part.
629 3119 701 3174 Perf.
757 3119 820 3173 Zeit
837 3119 953 3188 gedient
970 3118 1081 3186 hatten,
1101 3117 1168 3172 eber
1185 3119 1234 3174 bei
1253 3121 1322 3176 dem

143 3206 216 3259 poss.
242 3190 334 3244 hinzu.
361 3220 395 3228 -
422 3189 464 3243 ad
489 3206 603 3243 omnes
627 3205 704 3258 par·
757 3190 847 3244 Heere
865 3189 977 3244 blieben
995 3189 1052 3242 und
1073 3189 1185 3244 weltere
1203 3190 1321 3262 Kriegs-

142 3261 209 3314 tes:
239 3259 307 3313 iiber
333 3261 369 3313 ad
395 3277 416 3314 s.
440 3267 470 3327 3,
497 3266 545 3327 29,
572 3266 586 3314 1
610 3279 644 3314 zu
667 3261 703 3314 ad
757 3261 865 3314 dienste
874 3261 980 3314 thsten.
1000 3259 1189 3330 Siegenossen
1198 3264 1322 3318 manche

141 3332 261 3383 hostem.
285 3360 320 3369 —
344 3337 369 3383 2.
392 3330 489 3385 intre
512 3330 641 3401 oppida
665 3349 703 3386 ec
757 3330 902 3386 Vortheile
916 3330 1247 3401 und‘Auszeichnungen,
1261 3334 1321 3388 und

143 3417 269 3454 muros:
287 3399 317 3453 in
335 3400 407 3455 feste
420 3401 517 3456 Plttze
536 3402 593 3456 und
611 3402 704 3457 hinter
757 3419 788 3456 so
812 3419 870 3455 war
892 3419 921 3456 es
943 3402 1029 3455 ihnen
1052 3402 1124 3455 auch
1147 3403 1322 3474 wenigstens

143 3470 268 3525 Modern.
302 3503 333 3510 -
370 3477 396 3525 4.
431 3471 702 3542 intellegebat:
756 3472 829 3541 nach
849 3472 939 3527 dieser
958 3472 1045 3527 Stelle
1069 3473 1231 3542 serstattet,
1257 3475 1321 3530 sich

143 3541 233 3595 nicht:
253 3540 394 3610 ‚,einseh“.
410 3571 444 3580 —-
463 3543 703 3611 superioribus
757 3544 857 3598 Pierde
875 3563 909 3597 zu
927 3543 1031 3597 hulten.

143 3611 241 3666 annis
260 3613 460 3681 pacaverat:
479 3614 551 3667 nach
571 3621 595 3681 6,
611 3621 626 3668 9
641 3614 704 3668 sind

143 3684 189 3737 die
207 3682 294 3737 Ubier
311 3681 444 3752 gemeint.
463 3714 498 3722 —
517 3686 558 3738 ad
582 3701 639 3739 eas
657 3685 703 3739 ci·

95 3754 98 3761 '
143 3754 273 3809 vitates
287 3755 339 3808 etc.
358 3754 397 3807 ist
414 3754 467 3808 mit
480 3754 705 3825 Uebertreibung
757 3756 817 3810 Vll.
830 3755 938 3810 Obser’s
947 3755 1087 3824 Siegiiber
1094 3756 1321 3826 Vercingetorix.

164 3829 251 3895 esagt.
288 3824 444 3894 Uebrigens
469 3843 564 3880 waren
583 3844 611 3881 es
628 3827 704 3880 wohl

142 3844 196 3949 irei
209 3896 373 3966 geworbene
389 3894 513 3965 Sdldner‚
527 3897 607 3951 nicht
618 3897 703 3950 fdrm·
944 3862 984 3929 (θ’
1004 3864 1128 3932 66-68’)

142 3966 202 4020 lich
229 3967 425 4037 ausgehobene
453 3967 585 4037 Truppen
609 3970 703 4022 unter-
793 3967 912 4037 Capto.
933 3975 956 4021 1.
972 3969 1119 4035 Interea,
1138 3967 1215 4021 dum
1234 3970 1322 4028 haec

142 4036 280 4090 werfener
307 4038 440 4093 Stemme.
469 4068 503 4076 -
532 4044 556 4092 t.
590 4054 703 4091 eorum
757 4041 934 4106 geruntur:
958 4038 1011 4092 mit
1033 4039 1099 4091 dum
1122 4068 1157 4078 -
1181 4045 1322 4109 geruntur

144 4107 308 4162 adventu:
327 4109 493 4176 Bedeutung
511 4109 560 4162 des
575 4108 657 4162 Abi?
668 4137 702 4148 -—
756 4107 826 4162 wird
841 4109 891 4163 das
905 4109 1015 4164 interea
1027 4125 1149 4178 genauer
1162 4110 1321 4168 bestimmt

142 4177 232 4232 levis
265 4180 457 4233 armaturae
489 4178 641 4246 pedites,
668 4208 703 4217 —
757 4194 848 4231 -ex
866 4178 1029 4234 Arvernis
1051 4179 1111 4235 ilbs.
1130 4180 1210 4235 nicht
1232 4186 1321 4238 wbri-

144 4248 202 4315 qui
226 4250 448 4302 consuerant:
473 4249 550 4302 siche
575 4249 625 4303 das
648 4248 702 4303 Ge·
756 4248 822 4302 lich.
851 4280 884 4288 -
914 4251 1117 4319 equitesque
1147 4253 1214 4308 cto:
1247 4255 1322 4310 iiber

143 4335 246 4372 neuere
277 4325 305 4386 1,
333 4324 375 4372 48.
404 4349 438 4357 -
463 4318 702 4387 reliquisque
757 4319 801 4373 die
826 4320 915 4374 Sache
939 4339 959 4375 s.
983 4339 1006 4375 c.
1032 4328 1073 4375 64.
1098 4352 1133 4362 -
1161 4328 1186 4375 2.
1212 4324 1321 4382 trinis

144 4387 320 4455 equitibus
352 4387 525 4441 Romanis:
563 4389 626 4442 sind
657 4393 702 4441 rit-
757 4391 896 4445 castris:
920 4409 941 4444 s.
966 4398 994 4460 5,
1014 4399 1061 4461 53,
1082 4399 1097 4447 3
1117 4412 1151 4447 zu
1173 4393 1256 4450 trinis
1275 4397 1321 4453 hi-
