2804 4778
69 263 72 267 .
166 215 231 279 120
569 216 618 270 Du
638 215 757 271 BELLO
777 215 933 272 GALLICO

165 381 347 441 Britanniam
374 392 509 462 ventum,
538 399 627 441 naves
650 379 755 462 XVlll,
778 381 814 441 tle
844 381 953 460 quibus
981 401 1070 462 supra
1099 382 1344 447 demonstratum

166 478 221 551 est,
244 488 319 547 quae
343 473 458 549 equites
482 469 673 549 sustulerant,
697 487 732 529 ex
755 472 910 548 superiore
932 477 1021 550 portu
1046 470 1105 530 leni
1131 479 1220 532 vento
1243 472 1341 534 solve·

130 567 147 616 2
166 565 245 619 runt.
282 557 364 629 Quae
388 576 457 618 cum
479 559 753 637 appropinquarent
774 557 943 618 Britanniae
963 569 993 619 et
1015 577 1052 621 ex
1072 561 1178 621 castris
1201 560 1339 622 videren-

165 654 224 727 tur,
243 653 323 707 tanta
342 653 503 725 tempestas
527 645 625 705 subito
640 654 742 705 coorta
760 655 815 717 est,
829 653 863 707 ut
881 646 961 707 nulla
974 665 1077 708 earum
1091 665 1214 709 cursum
1226 656 1339 725 'tenere

164 743 280 814 posset,
307 734 358 794 sed
383 734 455 794 aliae
480 734 598 813 eodem,
625 734 705 794 unde
733 741 818 795 erant
844 736 1009 815 proiectae,
1035 736 1236 818 reserrentur,
1264 737 1344 799 aliae

164 821 200 882 ad
233 823 406 882 inferiorem
437 830 552 901 partem
584 820 711 902 insulae,
744 840 819 900 quae
852 831 898 883 est
930 825 1053 901 propius
1085 822 1156 885 solis
1188 842 1344 907 occasum,

129 924 145 973 3
166 928 271 989 magno
291 912 338 971 sui
357 928 425 971 cum
443 909 577 989 periculo
594 908 798 990 deicerentur3
816 928 891 989 quae
911 918 1009 972 tamen
1027 913 1144 973 ancoris
1163 913 1249 974 iactis
1269 932 1343 975 cum

164 998 305 1059 fluctibus
324 998 554 1078 complerentur,
577 999 745 1058 necessario
764 998 885 1059 adversa
909 1007 995 1059 nocte
1018 1000 1048 1059 in
1067 999 1161 1061 altum
1177 1010 1343 1080 provectae

165 1088 369 1151 continentem
391 1089 550 1164 petierunt.

255 1170 306 1235 29.
330 1173 440 1235 Eadem
464 1183 552 1235 nocte
575 1174 691 1254 accidit,
712 1182 747 1235 ut
769 1183 849 1237 esset
872 1172 940 1236 luna
963 1173 1063 1255 plena,
1086 1177 1139 1255 qui
1161 1175 1226 1237 dies
1249 1180 1340 1238 mari·

165 1265 253 1322 timos
277 1271 376 1322 aestus
399 1265 542 1323 maximos
569 1264 601 1322 in
623 1261 741 1323 Oceano
769 1263 889 1323 efficere
916 1264 1083 1343 consuevit,
1110 1266 1285 1344 nostrisque
1308 1266 1339 1326 id

130 1365 147 1412 2
166 1358 230 1410 erat
252 1351 444 1429 incognitum.
490 1351 533 1411 lta
556 1368 615 1410 uno
639 1358 773 1429 tempore
797 1358 827 1411 et
849 1349 951 1430 longas
974 1368 1072 1431 naves,
1095 1351 1204 1430 quibus
1228 1353 1343 1415 Caesar

166 1439 331 1497 exercitum
350 1438 611 1518 transportandum
630 1447 784 1501 curaverat
803 1455 935 1517 quasque
959 1441 990 1499 in
1008 1439 1124 1500 aridum
1145 1440 1344 1524 subduxerat,

166 1532 267 1585 aestus
290 1525 496 1606 compleverat,
519 1533 550 1586 et
572 1528 737 1608 onerarias,
764 1543 839 1605 quae
863 1526 899 1586 ad
927 1545 1051 1587 ancoras
1079 1537 1163 1589 crant
1185 1528 1346 1614 deligatae,
1368 1601 1371 1606 ‚

167 1621 327 1692 tempestas
351 1613 517 1695 afflictabat,
540 1632 638 1693 neque
662 1614 721 1674 ulla
749 1616 860 1675 nostris
883 1614 1007 1676 facultas
1034 1624 1085 1676 aut
1112 1616 1344 1680 administrandi

131 1717 148 1766 3
168 1709 219 1762 aut
242 1701 400 1762 auxiliandi
423 1701 555 1763 dabatur.
602 1700 810 1780 Compluribus
840 1703 963 1763 navibus
989 1703 1091 1764 fractis
1114 1704 1247 1783 reliquae
1272 1725 1343 1769 cum

167 1798 269 1849 essent
292 1789 421 1871 funibus,
445 1792 562 1853 ancoris
585 1790 767 1869 reliquisque
791 1793 980 1852 armamentis
1003 1793 1120 1861 amissis
1143 1792 1178 1852 ad
1202 1796 1344 1874 navigan·

167 1877 238 1938 dum
260 1877 389 1959 inutiles,
413 1896 525 1959 magna,
548 1877 579 1938 id
603 1879 682 1957 quod
706 1896 828 1938 necesse
852 1886 916 1939 erat
939 1879 1088 1960 accidere,
1110 1881 1203 1941 totius
1226 1886 1343 1944 exerci-

128 1974 216 2030 4tus
243 1966 428 2045 perturbatio
456 1967 533 2027 sacta
556 1974 609 2027 est.
654 1966 758 2045 Neque
786 1968 866 2027 enim
888 1984 978 2027 naves
1006 1976 1091 2028 erant
1114 1967 1200 2049 aliae,
1229 1970 1347 2049 quibus

167 2170 257 2225 druck
271 2189 306 2225 zu
320 2170 384 2224 dem
397 2169 746 2240 inc.18Anfsng.-de·
779 2169 892 2226 bierunt.
910 2201 946 2211 -
964 2170 1109 2226 adversa
1129 2174 1243 2228 nocie:
1273 2174 1340 2231 not

166 2241 289 2308 quibus
307 2241 365 2294 und
387 2257 483 2310 quae:
503 2242 572 2295 iiber
589 2241 640 2295 das
658 2241 725 2297 Ver·
780 2241 838 2296 abs.
857 2241 897 2295 im
916 2240 1093 2297 concessiven
1113 2241 1203 2299 Sinna.

167 2310 287 2364 hbltniss
311 2311 360 2364 der
377 2310 478 2365 beiden
496 2311 684 2366 Relativsbtae
704 2328 724 2365 s.
815 2311 882 2380 (lap.
907 2317 950 2367 29.
981 2318 1004 2364 1.
1029 2312 1161 2367 accidit
1183 2313 1257 2369 lieet
1280 2315 1344 2370 sich

168 2386 226 2449 1,1
247 2398 282 2434 zu
300 2380 349 2449 qui
365 2411 397 2419 -
417 2383 532 2449 geruum
552 2382 639 2449 vergl.
654 2383 726 2436 oben
780 2383 852 2436 auch
877 2381 1031 2438 adverbiell
1052 2383 1228 2453 iibersetueu,
1251 2387 1345 2456 vergL

166 2468 189 2506 c.
209 2456 238 2503 4:
263 2467 333 2518 quos
356 2467 440 2518 supra
458 2450 591 2519 diximus,
615 2452 672 2520 qui.
692 2483 725 2491 —
781 2459 805 2519 1,
825 2459 840 2507 7
860 2470 894 2506 ιιι
911 2453 1036 2507 maturat
1052 2452 1198 2521 proficisci.
1226 2455 1267 2508 Ee
1281 2473 1345 2512 war

167 2536 280 2589 supra:
305 2537 328 2574 c.
348 2526 382 2573 22
406 2539 433 2574 ιι.
453 2527 496 2575 28.
520 2553 552 2560 -
576 2523 726 2576 sustule-
779 2523 839 2577 dies
857 2523 903 2578 die
918 2523 1011 2577 Nacht
1028 2539 1094 2578 vom
1113 2529 1138 2579 9.
1156 2524 1207 2578 auf
1221 2525 1277 2580 den
1296 2533 1342 2582 10.

164 2592 254 2646 rant:
278 2607 315 2646 an
337 2590 412 2646 Bord
435 2593 543 2646 hatten.
567 2621 601 2632 —
627 2608 725 2662 supe·
780 2593 945 2663 September
971 2593 1022 2647 des
1047 2594 1145 2649 Jahres
1171 2599 1205 2649 65
1228 2613 1255 2650 v.
1275 2596 1345 2655 cnr.

165 2661 725 2732 riore=e.aainu1terioremp0r-
779 2694 812 2704 -
839 2664 897 2733 qui
920 2663 993 2718 dies
1016 2663 1055 2719 ist
1077 2663 1268 2735 der'l'ag‚in
1287 2667 1345 2723 deu

164 2735 292 2789 tum-
320 2733 511 2788 solverunt:
537 2733 615 2788 siehe
638 2750 661 2788 c.
681 2739 723 2789 23.
778 2733 828 2788 der
859 2733 1011 2789 Vollmond
1041 2735 1115 2790 tent.
1159 2735 1344 2794 Uebersetaer

165 2834 199 2844 -
215 2810 239 2858 2.
255 2821 293 2859 ex
313 2804 452 2862 cestria:
472 2822 501 2860 es
516 2821 574 2859 vvar
587 2805 725 2860 demnach
778 2803 938 2874 Zeitpunkt.
959 2835 992 2844 -
1020 2808 1138 2860 aestus
1160 2806 1346 2865 maximoe:

165 2891 211 2928 am
234 2875 327 2930 Meere
350 2875 568 2944 ausgeschlagen
591 2876 649 2929 und
675 2875 724 2944 leg
779 2873 1003 2944 Spaingfluthen:
1040 2875 1116 2930 diere
1147 2876 1345 2950 Erscbeinnng

165 2947 251 3000 etwas
270 2945 351 3001 boch.
368 2976 400 2984 -
414 2946 628 3001 viderentur:
647 2945 723 3000 eiehe
776 2945 843 2999 kam
857 2945 896 2999 im
905 2944 1083 3014 Mittelmeer‚
1093 2945 1287 3003 euivvelchem
1294 2949 1353 3006 die·

165 3022 194 3084 2,
218 3021 266 3085 18,
288 3021 304 3070 3
329 3034 364 3069 zu
386 3015 560 3071 videbantur.
590 3047 623 3055 —
652 3032 725 3071 cur·
779 3015 883 3070 Romar
900 3015 1038 3070 heimisch
1055 3032 1163 3086 varen,
1181 3017 1263 3073 nicht
1280 3036 1344 3076 vor.

164 3105 235 3140 sum
256 3088 375 3141 tenere
397 3087 435 3140 ist
458 3103 481 3141 c.
504 3092 539 3141 26
558 3086 671 3141 erkltrt.
691 3117 725 3126 -
780 3087 872 3141 Uaber
899 3086 945 3141 die
967 3087 1205 3142 uurerbuudenen
1227 3088 1343 3160 Adjeet

165 3155 206 3210 ad
241 3155 445 3210 inferiorem
478 3187 511 3197 -
550 3172 725 3211 occanum:
781 3175 801 3211 s.
821 3162 847 3222 2,
864 3162 897 3210 29
917 3174 952 3210 zu
970 3156 1075 3226 duplici
1094 3156 1231 3213 altissimo
1249 3176 1343 3216 muro.

165 3224 238 3279 nach
261 3226 311 3279 der
333 3225 483 3281 Weslseite
509 3226 559 3280 der
580 3226 654 3280 Insel
676 3227 726 3281 hin
780 3256 814 3266 -
838 3233 862 3280 2.
887 3243 951 3280 uno
974 3229 1128 3296 tempore
1150 3227 1188 3282 ise
1206 3234 1235 3297 1,
1256 3235 1345 3301 22,e

164 3295 348 3363 verschlngen
379 3296 501 3350 worden.
533 3325 568 3335 -
605 3313 725 3366 magno
780 3297 1345 3366 tibere—transportandumcuru-

166 3365 232 3418 sui:
256 3365 375 3419 beachte
399 3366 453 3420 den
472 3366 540 3420 Gen.
558 3382 624 3421 vom
642 3367 726 3449 Pron.
779 3368 888 3421 verat:
907 3367 1011 3421 wieder
1028 3367 1074 3422 ein
1091 3367 1214 3438 Beispiel
1229 3370 1346 3452 notura

165 3436 724 3589 atti{attestantem
776 3436 1345 3576 tertiacarminata

166 3576 319 3631 slehenden
333 3575 446 3632 (lenitrv
464 3578 534 3632 vv1rd
553 3577 602 3632 der
619 3577 727 3648 Begrrff
777 3577 861 3632 echte
888 3577 939 3633 auf
962 3579 1018 3633 den
1040 3578 1173 3634 Wechsel
1195 3579 1245 3635 der
1268 3583 1346 3637 tem·

166 3646 215 3701 der
233 3645 380 3701 leidenden
393 3648 498 3702 Person
514 3649 594 3703 mehr
609 3649 724 3703 hervor-
777 3665 853 3718 pora.
879 3679 913 3689 —
945 3664 1031 3718 quae
1059 3647 1100 3704 ad
1132 3665 1277 3705 ancoras
1305 3682 1345 3695 -

166 3718 302 3788 gehoben.
332 3749 364 3759 -
391 3724 415 3772 3.
444 3735 530 3786 quae
549 3750 582 3758 —
605 3719 723 3774 iactis:
778 3719 958 3790 deligatae
972 3720 1030 3773 und
1044 3719 1095 3774 das
1108 3719 1344 3791 folgendequae

165 3791 274 3856 tamem
303 3787 329 3844 d.
352 3788 371 3842 i.
396 3789 525 3859 obgleich
552 3790 602 3844 der
630 3788 725 3844 Sturm
777 3791 854 3844 usui
880 3791 971 3845 iibere.
998 3789 1071 3844 nach
1100 3795 1128 3858 1,
1151 3795 1168 3844 8
1191 3809 1224 3845 ιιι
1253 3809 1344 3861 quam

165 3860 230 3916 sehr
246 3858 338 3928 heitig
356 3876 426 3928 vvar3
445 3859 561 3914 iactis:
579 3878 641 3927 um,
658 3860 723 3914 falls
778 3861 969 3916 constituerat.
986 3890 1020 3900 -
1039 3859 1256 3917 afflictabat:
1275 3881 1299 3918 s.
1314 3871 1345 3935 8,

166 3930 216 3983 der
235 3930 329 3984 Sturm
347 3930 499 3997 nachliess‚
524 3931 597 3985 nach
615 3931 723 3985 Britan-
779 3936 812 3985 12
837 3950 871 3985 zu
898 3931 1107 3985 afflictarentur.
1133 3961 1167 3971 -
1192 3931 1345 3990 admini-

166 4000 231 4054 nien
250 4018 284 4053 zu
307 4001 415 4071 segeln3
438 4000 520 4057 iactis
543 4002 634 4056 vibere.
652 4001 725 4055 nach
779 4001 926 4056 ebrandi:
945 4001 999 4056 den
1016 4001 1126 4069 Diensb,
1145 4001 1196 4057 das
1214 4000 1259 4057 Ne
1295 4004 1303 4017 '

166 4076 196 4138 1,
216 4077 232 4124 3
255 4088 288 4124 zu
312 4088 398 4141 regno
423 4074 560 4141 occupato
579 4089 601 4126 c.
621 4072 678 4126 und
697 4072 723 4128 d.
777 4073 850 4126 thun
868 4074 936 4141 (was
949 4088 1016 4126 man
1050 4071 1208 4126 ervohnlich
1226 4073 1294 4128 chuc
1311 4094 1346 4133 sn

166 4141 231 4210 (mit
249 4141 314 4196 dem
333 4142 448 4213 Subject
467 4145 586 4212 ‚,man“.
610 4173 643 4181 -
668 4159 723 4196 ne·
779 4142 956 4213 darglcichen
988 4089 1109 4210 Fallenp
1147 4141 1262 4199 absolut
1292 4163 1345 4216 ge-

166 4212 334 4266 cessario:
353 4214 417 4268 weil
435 4213 481 4269 die
499 4214 565 4268 Wel
577 4230 611 4268 en
629 4213 724 4267 indie
778 4213 911 4280 braucht,
929 4213 982 4267 wie
1002 4230 1024 4267 c,
1044 4219 1087 4266 23.
1106 4243 1140 4252 -
1159 4215 1219 4268 aut
1242 4218 1345 4273 auxi-

167 4281 269 4336 Schiffe
296 4282 540 4351 hincinstrbmbem
569 4301 599 4338 es
624 4283 725 4353 gehbrt
778 4282 906 4338 liendi:
925 4283 1050 4337 abmlich
1067 4299 1123 4338 von
1140 4299 1249 4340 cursem
1265 4314 1301 4327 -
1316 4295 1345 4344 4.

160 4369 200 4403 zu
215 4352 247 4404 in
266 4351 354 4406 altum
372 4356 524 4423 provectae
543 4354 600 4408 und
623 4372 658 4408 zu
675 4369 724 4423 pe·
778 4352 909 4422 Neque:
932 4353 995 4408 dem
1017 4369 1108 4421 neque
1130 4354 1290 4424 antepricht
1314 4361 1347 4417 et
