2804 4778
467 247 536 303 ΜΒ.
554 247 615 302 Vll.
644 246 720 302 cue.
740 252 853 303 oo-sa.
1185 246 1252 310 239
1295 318 1297 322 ,

75 433 147 474 rem.
195 413 354 493 Legiones,
383 412 435 473 ubi
462 416 591 492 primum
619 413 775 492 planiciem
803 415 979 494 attigerunt,
1007 414 1125 475 inlestis
1149 423 1288 476 contras

72 502 175 562 hostes
204 504 297 581 signis
325 503 533 563 constiterunt.
578 501 802 581 Vercingetorix
830 501 866 561 ab
895 501 1045 563 radicibus
1070 503 1153 564 collis
1182 522 1252 565 suus

73 593 152 652 intra
176 593 358 651 munitiones
381 589 508 651 reduxit.
544 589 588 650 Eo
607 591 654 651 die
679 591 787 651 milites
811 598 881 651 sunt
904 590 992 669 paulo
1017 593 1117 652 minus
1141 596 1251 672 septin-

73 682 154 759 genti
178 679 347 740 desiderati.

162 763 213 828 52.
237 767 362 828 Postero
386 767 433 827 die
458 766 566 828 Caesar
590 770 728 828 contione
752 767 891 829 advocata
915 770 1113 829 temeritatem
1138 769 1251 847 cupidi·

74 865 224 936 talemque
255 857 381 917 militum
412 856 617 938 reprehendit,
647 856 727 936 quod
758 856 815 916 sibi
845 858 903 935 ipsi
937 856 1161 938 iudicavissent,
1192 876 1251 936 quo

72 945 295 1026 procedendum
320 952 371 1004 aut
395 945 466 1023 quid
489 945 636 1024 agendum
659 945 825 1025 videretur,
853 963 951 1023 neque
979 947 1063 1023 signo
1087 945 1252 1025 recipiendi

74 1035 142 1095 dato
176 1036 381 1094 constitissent
413 1052 510 1112 neque
543 1034 579 1094 ab
614 1033 741 1095 tribunis
773 1033 901 1094 militum
933 1033 1096 1113 legatisque
1127 1036 1251 1095 retineri

71 1125 248 1202 potuissent.
285 1122 443 1204 Exposuit,
465 1122 536 1201 quid
560 1125 700 1202 iniquitas
724 1122 782 1183 loci
805 1131 921 1203 posset,
944 1122 1016 1200 quid
1039 1124 1103 1202 ipse
1123 1123 1159 1183 ad
1178 1124 1249 1183 hva·
1269 1135 1285 1182 2

72 1215 168 1272 ricum
187 1213 343 1291 sensisset,
367 1230 435 1272 cum
455 1213 518 1272 sine
542 1211 617 1273 duce
642 1219 673 1272 et
694 1213 759 1271 sine
782 1213 916 1294 equitatu
940 1210 1134 1290 deprehensis
1158 1212 1250 1272 hosti·

74 1300 130 1361 bus
154 1301 335 1380 exploratam
353 1302 507 1361 victoriam
529 1301 699 1382 dimisisset,
718 1319 756 1360 ne
779 1317 902 1379 parvum
926 1298 1014 1359 modo
1039 1299 1251 1360 detrimentum

71 1392 101 1449 in
134 1391 325 1450 contentione
353 1397 478 1469 propter
504 1391 692 1468 iniquitatem
719 1388 777 1448 loci
804 1387 962 1448 accideret.
1013 1387 1131 1458 Quianto
1160 1401 1285 1468 operes

71 1496 176 1539 eorum
190 1481 280 1538 animi
299 1477 532 1558 magnitudinem
555 1478 767 1557 admiraretur,
790 1495 866 1555 quos
885 1494 945 1536 non
965 1483 1133 1537 castrorum
1154 1479 1250 1537 muni-

71 1570 181 1647 tiones,
209 1586 269 1637 non
297 1567 421 1628 altitudo
449 1569 573 1647 montis,
600 1585 660 1627 non
684 1584 787 1626 murus
818 1564 919 1644 oppidi
948 1563 1065 1624 tardare
1095 1568 1251 1645 potuisset,

71 1663 153 1716 tanto
177 1674 267 1735 opere
296 1655 445 1716 licentiam
474 1657 731 1734 arrogantiamque
755 1653 990 1734 reprehendere,
1020 1654 1099 1731 quod
1127 1654 1195 1733 plus
1219 1671 1250 1714 se

72 1763 160 1823 quam
189 1747 399 1824 imperatorem
429 1743 466 1803 de
496 1746 620 1804 victoria
650 1750 740 1822 atque
771 1745 852 1803 exitu
880 1760 982 1801 rerum
1012 1745 1123 1802 sentire
1152 1745 1251 1803 existi·

72 1842 202 1914 marent3
227 1851 282 1892 nec
305 1835 404 1893 minus
429 1851 460 1892 se
485 1832 521 1892 ab
550 1832 642 1892 milite
666 1831 842 1892 modestiam
866 1837 896 1890 et
924 1831 1139 1891 continentiam
1164 1843 1287 1909 quam4

72 1923 213 1981 virtutem
237 1928 325 1999 atque
350 1923 441 1981 animi
464 1919 698 1999 magnitudinem
721 1918 901 1979 desiderare.

161 2005 212 2070 53.
236 2009 297 2068 Hac
320 2008 420 2069 habita
444 2011 583 2069 contione
607 2016 638 2069 et
660 2008 696 2068 ad
720 2016 883 2079 extremam
907 2007 1072 2066 orationem
1096 2007 1250 2066 confirma-

71 2100 110 2158 tis
132 2096 291 2180 militibus,
315 2115 353 2157 ne
376 2096 414 2157 ob
437 2097 513 2157 hanc
537 2115 656 2157 causam
680 2098 778 2155 animo
801 2101 1050 2173 permoverentur
1073 2112 1147 2175 neu,
1171 2096 1250 2174 quod

72 2188 213 2265 iniquitas
243 2185 301 2246 loci
331 2184 491 2266 attulisset,
521 2185 550 2244 id
582 2186 684 2246 virtuti
714 2184 847 2243 hostium
876 2181 1058 2263 tribuerent,
1088 2182 1190 2244 eadem
1214 2185 1250 2244 de

71 2275 256 2353 proiectione
280 2276 426 2354 cogitans,
454 2291 529 2353 quae
553 2281 621 2333 ante
645 2279 793 2351 senserat,
820 2271 952 2351 legiones
984 2289 1020 2330 en
1044 2273 1150 2332 castris
1180 2272 1250 2333 edu·

72 2364 115 2422 xit
152 2364 305 2442 aciemque
338 2363 445 2423 idoneo
477 2362 542 2422 loco
575 2363 737 2423 constituit.
793 2359 867 2421 Cum
900 2359 1125 2439 Vercingetorix
1157 2362 1284 2422 nihilne

72 2453 164 2530 magis
193 2454 225 2511 in
254 2470 382 2530 aequum
409 2451 508 2511 locum
537 2449 745 2532 descenderet,
774 2448 831 2510 levi
862 2450 939 2510 lacto
971 2452 1105 2528 equestri
1135 2450 1249 2530 proelio

72 2547 160 2618 atque
192 2541 324 2601 secundo
354 2542 386 2599 in
418 2548 514 2601 eastra
544 2541 709 2600 exercitum
739 2538 866 2599 reduxit.
914 2537 988 2598 Cum
1016 2537 1073 2598 hoc
1097 2539 1176 2599 idem
1198 2551 1286 2618 po·3

71 2797 93 2836 c.
128 2787 170 2836 49,
200 2813 232 2822 —
265 2789 290 2836 3.
318 2780 455 2836 infestis
488 2811 522 2822 -
555 2797 632 2835 con·
687 2780 955 2849 exploratamzs.
975 2783 1052 2844 221
1072 2793 1250 2847 nupugnan·

71 2851 254 2907 stiteruntz
290 2853 422 2906 muchten
474 2869 547 2922 egen
578 2851 633 2906 den
686 2849 771 2905 tibus.
794 2878 829 2890 -
851 2848 1250 2914 nominenumine.

70 2922 159 2976 Feind
191 2923 286 2977 Front.
319 2953 353 2962 -
385 2870 489 2992 paulo
520 2921 631 2977 minus
687 2918 1250 2989 —3.quos—potuissebzderconj.

72 2992 305 3064 septingenti:
338 2993 383 3046 fur
410 2992 517 3048 welche
544 2992 633 3063 Regel
685 2991 737 3045 hut
750 2990 831 3045 einen
845 2989 999 3059 duppelten
1013 2989 1117 3044 Grund.
1132 3020 1166 3030 -
1180 3006 1252 3044 mo-

71 3064 117 3118 ein
140 3062 281 3133 Beispiel?
687 3060 834 3116 dentium
853 3062 887 3114 et
905 3059 1172 3115 continentiam:
1193 3061 1251 3115 An-

686 3130 937 3202 sprnchslosigkeib
998 3131 1056 3186 und
1110 3129 1250 3186 Selhsbbe-

108 3205 227 3275 Cupbh.
239 3211 263 3259 1.
279 3205 362 3276 quod
377 3205 446 3260 sibi
459 3205 531 3276 ipsi
544 3203 633 3259 iudi·
686 3202 873 3272 schrhnkung,
892 3202 918 3257 d.
928 3200 946 3257 i.
962 3201 1015 3256 mit
1028 3200 1128 3256 Einem
1138 3202 1249 3258 Worte:

70 3276 257 3331 cavissent:
294 3275 362 3332 sibi:
398 3276 445 3330 fiir
476 3275 547 3344 sich3
585 3293 633 3329 zur
687 3273 913 3328 subordination.

72 3348 160 3402 Seche
183 3347 271 3417 vergl.
287 3352 326 3417 ,1,
344 3352 379 3401 40
397 3346 461 3403 Anf.
483 3363 530 3401 eos
555 3346 632 3400 incu-

71 3419 156 3474 savit:
174 3418 309 3489 primum,
334 3419 409 3489 quod
432 3420 482 3472 nub
499 3434 585 3487 quum
603 3417 634 3470 in
722 3413 788 3483 Gap.
803 3419 846 3468 53.
867 3421 890 3468 1.
911 3413 952 3468 ud
970 3416 1156 3469 extremum
1176 3431 1250 3470 oru-

69 3490 181 3558 pnrtem
205 3490 255 3544 cut
280 3506 335 3560 quo
358 3488 475 3544 consilio
502 3489 633 3543 ducerer·
685 3485 826 3539 tionem:
847 3483 898 3553 sd,
916 3500 951 3554 ge
972 3501 1007 3540 en
1025 3515 1059 3525 -
1077 3484 1139 3553 hin3
1159 3489 1249 3540 extre-

69 3563 129 3630 155,
153 3560 207 3616 sibi
230 3561 421 3630 quaerendum
441 3561 492 3613 aut
509 3558 633 3629 cogiten-
686 3571 761 3610 mum
784 3556 876 3610 libers.
901 3502 972 3610 nach
994 3561 1023 3625 1,
1042 3561 1076 3610 23
1100 3575 1135 3639 nu
1157 3556 1250 3626 primu

70 3631 138 3686 dum
151 3634 335 3701 putarent-
346 3645 632 3699 neque-neque:
685 3627 756 3682 luce.
771 3656 805 3666 -
824 3628 1108 3697 permoverentur
1125 3629 1164 3682 ist
1178 3644 1200 3683 c.
1215 3632 1250 3680 40
1333 3638 1340 3661 ¹

69 3703 140 3757 uber
157 3703 207 3757 dus
231 3703 335 3757 erstere
358 3718 450 3771 neque
468 3718 489 3754 s.
510 3706 535 3766 1,
553 3705 596 3768 36,
616 3705 632 3753 5
686 3697 848 3752 55111515-
862 3714 939 3753 neu:
957 3697 1046 3768 vergi.
1065 3704 1091 3766 5,
1111 3703 1145 3750 22
1162 3696 1249 3750 Ende.

70 3791 106 3826 zu
123 3790 214 3843 neque
231 3773 274 3830 iis.
293 3804 329 3813 —
346 3770 556 3854 recipiendis
575 3770 633 3839 vgl.
661 3768 663 3778 '
687 3799 721 3808 -
744 3767 833 3836 quod
856 3799 890 3810 -—
915 3767 950 3823 id
978 3799 1012 3808 -
1039 3768 1250 3822 tribuerent:

10 3877 12 3880 -
71 3850 96 3912 1,
115 3850 150 3900 48
170 3845 194 3898 si
212 3861 268 3914 quo
292 3875 326 3884 -
350 3844 467 3899 colenus
485 3843 547 3897 erut
564 3841 633 3895 roei·
686 3839 757 3894 dher
779 3839 826 3894 die
850 3839 981 3908 Stelluug
1003 3839 1053 3892 der
1078 3838 1159 3892 Shtze
1183 3854 1204 3889 s.
1226 3842 1250 3905 1,

69 3914 211 3984 piendum.
240 3947 274 3956 -
302 3921 327 3970 2.
350 3911 523 3984 iniquibus
550 3912 632 3967 loci:
688 3915 770 3976 13,2
794 3928 828 3964 zu
850 3909 928 3979 quod
948 3908 1005 3978 ipsi
1027 3939 1061 3947 —
1084 3907 1191 3962 fecisse.
1216 3937 1250 3946 -

71 4003 94 4042 e.
109 3992 143 4040 49
163 3987 238 4042 steht
255 3985 353 4055 iniquo
371 3986 444 4054 loco,
463 4003 483 4039 s.
503 3989 529 4052 2,
545 3989 578 4036 21
599 4001 633 4037 zu
673 3980 804 4036 eudem
818 4011 853 4021 -
866 3978 1041 4049 cogitans:
1061 3978 1111 4031 dns
1125 3976 1250 4048 Pertieip

70 4054 633 4182 exiguitas-quid—sensisset:
686 4052 831 4106 dberseiue
859 4049 949 4104 durch
973 4048 1065 4103 Subst.
1093 4048 1152 4102 und
1177 4047 1249 4103 Zeis

71 4147 119 4182 zur
149 4129 218 4183 eche
232 4147 253 4184 s.
264 4144 287 4183 c.
300 4133 347 4193 193
365 4127 435 4181 dher
449 4125 499 4180 dus
517 4124 633 4180 wieder·
687 4123 771 4189 vorin
787 4137 859 4190 quae
869 4121 935 4175 unte
945 4118 1251 4174 senserutumschreibt

70 4200 148 4254 holte
167 4199 236 4269 quid
254 4199 312 4253 und
329 4198 369 4252 im
384 4197 548 4268 Folgenden
564 4197 634 4251 dher
687 4192 734 4247 ein
742 4191 887 4260 Adjectiv3
906 4207 955 4244 zur
970 4189 1060 4245 Suehe
1072 4191 1161 4261 vergi.
1176 4207 1199 4245 c.
1214 4195 1249 4244 43

71 4271 121 4326 dns
139 4269 323 4326 winderholte
340 4285 398 4323 non
416 4286 437 4323 s.
457 4272 482 4336 5,
499 4274 515 4322 6
534 4284 568 4320 nu
587 4283 632 4321 eu·
687 4261 773 4317 Ende.
786 4293 819 4301 -
834 4267 859 4317 2.
875 4263 980 4330 abque
1000 4261 1163 4317 seeundo:
1181 4261 1251 4317 tiber

90 4341 183 4409 idum
215 4342 275 4411 ipse
302 4339 340 4395 ist
366 4338 633 4410 entgegeugesetut?
687 4335 774 4401 atque
791 4351 811 4387 s.
831 4337 857 4402 5,
877 4337 920 4400 15,
939 4338 956 4386 3
975 4351 1009 4386 zu
1027 4333 1114 4402 utque
1132 4349 1251 4403 occupa·

70 4361 124 4468 llic
141 4413 187 4467 W.
202 4412 235 4468 A.
254 4412 305 4466 hub
323 4411 398 4480 quod
416 4411 489 4466 stati
506 4407 632 4479 quid—
686 4404 732 4460 us.
753 4434 785 4442 -
810 4409 834 4459 3.
853 4403 956 4458 idem:
980 4404 1161 4460 zurUebers.
1183 4422 1204 4460 s.
1224 4409 1249 4473 5,
