2804 4778
180 214 243 278 128
582 214 631 268 Die
650 215 768 270 BELLO
788 214 945 270 Gannico

140 393 157 441 3
177 399 274 459 neque
293 380 419 441 multum
433 380 535 440 abesse
553 379 589 439 ab
609 398 653 461 eo,
672 381 744 458 quin
762 381 865 458 paucis
883 378 988 439 diebus
1008 377 1115 438 deduci
1131 380 1257 456 possint.
1281 377 1348 439 Col·

176 469 300 529 laudatis
319 468 461 529 militibus
480 475 568 546 atque
588 470 638 547 iis,
661 470 712 546 qui
731 470 849 546 negotio
868 468 1070 546 praefuerant,
1093 465 1165 545 quid
1186 466 1254 526 lieri
1277 466 1349 528 velit

175 556 305 617 ostendit
318 564 406 634 atque
421 574 525 616 omnes
544 555 580 615 ad
594 563 714 634 portum
732 555 821 616 Itium
836 555 993 615 convenire
1012 553 1105 634 iubet,
1121 571 1180 633 quo
1199 572 1238 615 ex
1256 563 1348 634 portu

175 644 446 704 commodissimum
469 646 500 704 in
522 644 703 704 Britanniam
732 645 888 703 traiectum
918 660 983 703 esse
1007 648 1196 723 cognoverat,
1225 645 1350 704 circiter

175 732 289 792 milium
311 750 453 811 passuum
476 731 556 791 XXX
579 750 595 791 a
616 733 794 792 continenti:
816 731 886 791 huic
907 732 952 790 rei
970 730 1049 808 quod
1073 731 1144 790 satis
1164 748 1231 790 esse
1250 733 1348 792 visum

139 831 157 878 4
176 828 221 880 est
239 820 366 881 militum
385 820 514 897 reliquit.
551 818 617 898 lpse
638 837 706 879 oum
724 818 889 898 legionibus
908 817 1054 896 expeditis
1072 816 1125 877 llll
1144 826 1176 878 et
1194 819 1348 896 equitibus

175 907 269 969 DCCC
293 911 324 968 in
352 909 427 968 lines
455 907 653 967 Treverorum
680 908 893 985 proficiscitur,
921 905 999 984 quod
1027 904 1059 965 hi
1085 922 1183 984 neque
1211 905 1248 966 ad
1277 924 1347 967 con·

174 996 241 1057 cilia
259 995 416 1056 veniebant
438 1013 535 1074 neque
554 997 678 1074 imperio
697 994 841 1073 parebant
860 993 1081 1073 Germanosque
1100 992 1348 1056 Transrhenanos

175 1084 332 1145 sollicitare
356 1083 539 1144 dicebantur.

263 1186 292 1249 3.
315 1189 395 1249 Haec
425 1191 526 1249 civitas
554 1188 640 1267 longe
663 1188 824 1268 plurimum
851 1190 944 1248 totius
967 1187 1075 1248 Galliae
1104 1188 1238 1267 equitatu
1269 1188 1346 1250 valet

175 1295 354 1356 magnasque
377 1276 466 1337 habet
485 1279 583 1356 copias
606 1277 748 1358 peditum,
767 1277 972 1356 Rhenumque,
995 1284 1029 1337 ut
1052 1294 1141 1354 supra
1160 1275 1346 1338 domonstra-

138 1368 279 1446 tvimus,
302 1367 403 1443 tangit.
449 1365 481 1425 ln
506 1383 539 1424 ea
568 1367 685 1425 civitate
713 1364 772 1425 duo
800 1364 836 1425 de
864 1365 1031 1444 principatu
1060 1365 1139 1425 inter
1161 1381 1194 1424 33
1223 1373 1346 1426 conten·

138 1464 156 1513 3
175 1452 292 1534 debant,
313 1453 533 1514 Indutiomarus
557 1462 587 1514 et
610 1452 791 1532 Cingetorix3
815 1471 831 1512 e
855 1451 964 1531 quibus
987 1450 1075 1531 alter,
1107 1450 1288 1531 simulatque
1311 1452 1348 1513 de

175 1541 308 1602 Caesaris
332 1541 540 1620 legionumque
564 1542 691 1601 adventu
710 1543 862 1619 cognitum
881 1548 935 1618 est,
959 1539 994 1599 ad
1014 1557 1083 1600 eum
1102 1541 1190 1614 venit,
1210 1558 1242 1600 se
1263 1559 1347 1601 suos-

175 1648 233 1708 que
257 1647 359 1689 0mnes
382 1632 413 1689 in
437 1630 535 1689 olssoio
559 1630 676 1689 futuros
699 1646 796 1707 neque
820 1628 856 1688 ab
877 1629 1004 1689 amicitia
1026 1626 1129 1707 populi
1147 1626 1275 1689 Romani
1298 1628 1348 1689 de·

137 1718 306 1777 41301303
330 1717 513 1777 confirmavit
537 1734 671 1795 quaeque
698 1719 729 1776 in
757 1716 896 1776 Treveris
923 1723 1102 1794 gererentur
1125 1716 1265 1777 ostendit.
1310 1716 1349 1778 At

173 1803 393 1865 Indutiomarus
416 1806 581 1884 equitatum
603 1804 826 1883 peditatumque
850 1821 957 1882 cogere
979 1805 1089 1884 iisque,
1113 1805 1165 1882 qul
1187 1822 1242 1883 per
1269 1812 1348 1866 aeta·

174 1903 235 1953 tem
258 1894 288 1952 in
308 1894 397 1952 armis
421 1911 486 1952 esse
510 1910 570 1952 nou
587 1899 734 1973 poterant,
753 1895 785 1953 in
804 1892 905 1953 silvam
923 1890 1113 1952 Arduennam
1131 1890 1248 1974 abditis,
1270 1911 1346 1972 quae

173 1982 287 2059 ingenti
310 1979 511 2059 magnitudine
534 1998 589 2058 per
612 1980 724 2041 medios
747 1982 821 2040 lines
842 1980 1041 2040 Treverorum
1064 1978 1221 2040 assumine
1240 1979 1348 2042 Rheno

138 2079 155 2127 5
175 2067 210 2127 ad
233 2070 350 2128 initium
370 2067 531 2128 Remorum
553 2070 692 2148 pertinet,
715 2067 826 2128 bellum
849 2085 952 2147 parare
971 2069 1108 2127 instituit.
1146 2067 1205 2128 Sed
1228 2077 1348 2147 postea·

175 2173 263 2234 quam
286 2154 420 2216 nonnulli
442 2157 594 2234 principes
618 2175 653 2215 ex
677 2174 712 2215 ea
735 2158 852 2216 civitate
876 2164 906 2216 31
929 2154 1124 2216 familiaritate
1148 2154 1349 2236 Cingetorigis

172 2375 294 2444 Beispiel
319 2376 368 2429 der
393 2373 586 2430 Construction
611 2393 665 2432 ron
689 2377 730 2430 in·
784 2377 854 2432 haec
877 2377 954 2432 siehe
973 2381 1004 2444 1,·
1021 2382 1052 2445 3,
1071 2382 1087 2430 3
1110 2394 1144 2431 ιιι
1167 2392 1202 2431 ea
1219 2375 1348 2434 civitate.

172 2445 276 2500 venire.
304 2476 338 2484 -
366 2462 474 2513 neque
501 2447 645 2500 multum
672 2448 731 2501 ab·
785 2477 818 2487 -
842 2447 1026 2517 plurimum
1053 2446 1165 2502 totius
1190 2445 1347 2504 Galliae:

172 2531 245 2569 3333
264 2516 305 2570 ab
324 2531 374 2569 eo:
393 2515 451 2568 und
469 2515 542 2570 eieht
561 2517 662 2584 (dieser
679 2517 731 2572 Be·
785 2536 805 2572 e.
829 2524 858 2586 1,
881 2524 897 2571 3
925 2536 958 2571 ιι
983 2517 1133 2573 denselhen
1149 2516 1283 2573 Worten.
1312 2548 1348 2560 —

172 2584 240 2654 griff
263 2585 301 2640 iat
324 2603 373 2640 aus
396 2585 503 2641 invenit
531 2605 566 2640 zu
592 2588 731 2657 nahmen),
784 2604 901 2657 supra:
930 2605 951 2641 3.
976 2594 1007 2657 3,
1031 2595 1072 2642 11.
1108 2587 1254 2656 Dadurch,
1282 2588 1349 2644 dass

172 2672 201 2710 33
225 2656 299 2710 fehle
324 2674 377 2710 nur
399 2657 499 2726 wenig.
540 2657 663 2726 Beispiel
686 2657 732 2712 fiir
785 2657 825 2712 sie
839 2675 885 2712 am
899 2658 1006 2713 Rheine
1019 2659 1163 2727 wohnten,
1183 2659 1280 2714 wurde
1298 2659 1347 2715 die

171 2727 225 2780 den
240 2726 387 2781 Gebrauch
404 2744 460 2781 von
478 2728 559 2796 quin,
579 2727 730 2798 eigentlich
785 2727 889 2783 Gefahr
911 2734 1034 2797 3331333,
1062 2728 1140 2796 weil,
1167 2728 1222 2783 wie
1246 2745 1275 2784 33
1299 2746 1348 2785 arn

171 2797 255 2851 sollte
273 2815 338 2851 man
360 2799 392 2851 ut
415 2802 552 2853 erwarten
574 2815 672 2868 wegen
695 2799 731 2852 ab
784 2799 864 2853 Ende
879 2799 990 2853 13333
1005 2799 1101 2867 hehet,
1116 2798 1347 2856 Transrhenanos

171 2883 218 2932 e03
233 2868 306 2921 doch
321 2869 398 2923 steht
410 2869 491 2937 quin,
505 2869 570 2924 weil
584 2870 634 2924 der
647 2885 730 2938 nega-
785 2867 940 2923 Germanos
954 2870 1106 2923 sollicitare
1120 2868 1295 2925 dicebantur.
1311 2903 1347 2912 -

169 2938 228 2991 tivo
241 2937 374 2992 Gedaulre
391 2941 490 3008 (neque
504 2940 637 3007 multum)
651 2939 731 2993 iiber-
784 2945 809 2993 3.
827 2940 862 2993 in
881 2939 1003 2994 officio
1021 2940 1167 2995 futuros:
1192 2942 1256 2994 trau
1276 2942 1347 2996 blei·

170 3008 263 3077 wiegt.
288 3039 322 3048 —
346 3015 371 3064 3.
398 3009 617 3064 Collaudatis
641 3009 731 3064 131331
783 3010 838 3064 ben
856 3010 979 3065 wdrden.
995 3041 1028 3051 —
1047 3009 1205 3065 amicitia
1221 3013 1348 3081 populi

170 3095 209 3146 es,
226 3079 307 3132 nicht
324 3079 453 3134 laudatis.
476 3111 508 3119 -
535 3080 598 3147 113,
619 3079 729 3149 qui-
782 3080 940 3134 Romani:
974 3098 1021 3134 ιιι
1053 3081 1264 3150 Uebereetrung
1295 3083 1346 3139 des

169 3149 396 3216 praefuerant
432 3149 545 3203 vertritt
581 3149 626 3203 ein
659 3150 729 3204 Sub·
783 3149 1195 3217 Genitivaiehe1‚2zure
1237 3151 1289 3206 ’3.
1312 3184 1347 3195 -

169 3218 284 3272 stantiv.
310 3249 343 3257 -
372 3219 454 3287 quid
478 3250 511 3259 —
536 3218 635 3274 velit:
661 3237 682 3276 e.
702 3227 728 3289 3,
782 3220 1006 3275 confirmavit
1024 3223 1114 3276 iibere.
1133 3220 1201 3276 dure
1241 3223 1288 3277 ein
1308 3240 1347 3280 an

171 3292 212 3342 18.
232 3318 265 3326 —
293 3304 357 3354 quo
380 3305 418 3342 ex
444 3291 562 3358 portu:
591 3291 728 3345 abermale
781 3291 859 3345 vonit
881 3290 1153 3346 anzusohiieseondee
1178 3291 1346 3350 substantie

169 3356 215 3409 ein
237 3356 358 3425 Beispiel
384 3359 429 3411 fiir
452 3360 533 3412 einen
556 3358 621 3413 dem
644 3360 728 3415 Cesar
781 3363 838 3416 und
856 3362 1040 3430 Pritposition.
1078 3362 1171 3416 Dutch
1191 3361 1238 3416 die
1261 3363 1346 3419 13131-

170 3426 318 3480 besonders
337 3427 455 3495 eigenen
470 3428 727 3498 Sprachgehrauoh.
781 3432 878 3486 nisehe
896 3432 1141 3487 Ausdruckeweise
1159 3432 1253 3499 venit,
1277 3451 1345 3490 con·

170 3526 204 3534 -
224 3497 533 3552 commodissimum
551 3529 587 3540 -
604 3501 728 3555 traiee-
780 3502 903 3557 firmavit
921 3502 1033 3557 werden
1054 3502 1136 3557 heide
1154 3503 1348 3577 Handlungen

169 3566 252 3618 tum:
282 3585 303 3619 3.
332 3573 358 3635 3,
386 3574 429 3635 33,
457 3575 473 3623 3
502 3587 536 3623 ιιι
564 3570 666 3624 arduus
694 3602 727 3612 —
781 3572 963 3628 ansehaulich
999 3573 1041 3627 ale
1082 3571 1152 3628 zuei
1192 3575 1346 3643 getrennte

169 3653 299 3690 ascensus
326 3639 384 3692 und
411 3645 436 3708 3,
465 3645 497 3694 13
526 3658 560 3694 ιιι
586 3640 670 3696 facile
693 3673 726 3681 -
781 3643 861 3696 mehr
892 3643 1065 3712 selbstttndig
1097 3643 1274 3713 hingestellt.
1310 3677 1345 3688 -

169 3706 352 3762 adiciebatur.
367 3740 400 3749 -
415 3710 563 3764 milium:
584 3712 728 3782 ahh'angig
780 3712 984 3782 3113333-
1008 3715 1172 3783 poterant
1194 3715 1345 3773 iihersetae

167 3793 223 3831 von
240 3778 397 3833 traiectum.
415 3811 451 3821 —
474 3780 554 3835 huic
571 3782 635 3836 rei:
655 3781 726 3837 hier·
780 3783 998 3840 substantivisch
1026 3784 1098 3839 nach
1127 3790 1186 3854 1,3
1210 3802 1245 3840 ιιι
1269 3804 1345 3857 qnae

166 3847 226 3914 fiir,
256 3849 281 3902 1.
300 3849 318 3902 1.
347 3851 412 3905 daeo
441 3850 501 3905 sich
529 3851 654 3907 daselbst
680 3853 726 3907 die
781 3884 814 3893 -
838 3855 1019 3924 pertinerent.
1043 3885 1077 3896 -
1104 3871 1165 3924 per
1188 3860 1344 3913 aetatem

130 3972 136 3987 ,
168 3917 280 3986 80111113,
295 3920 368 3975 ohne
383 3919 486 3976 Gefahr
500 3922 673 3992 angegriffen
691 3924 726 3977 ιἰι
779 3923 855 3993 1313,
871 3930 904 3979 16
920 3925 1033 3980 erklttrt.
1050 3957 1080 3967 -
1097 3925 1243 3982 abditis:
1258 3929 1345 3986 echte

166 3989 286 4056 werden,
301 3992 437 4045 eammeln
451 3992 582 4048 konnten.
591 4023 624 4032 —
635 3995 726 4062 quod
779 3995 830 4049 auf
841 3994 886 4049 die
903 3994 1096 4051 Construction
1109 3995 1167 4051 und
1181 4013 1231 4052 rer
1251 3998 1345 4057 leicbe

167 4059 254 4112 eatis
277 4077 353 4116 3333
373 4065 439 4117 etc:
462 4063 519 4133 vgl.
539 4069 565 4132 4,
584 4069 627 4131 33,
647 4071 671 4116 3.
691 4095 724 4104 -
781 4071 809 4132 1,
838 4071 871 4120 33
901 4066 990 4120 abditi
1021 4067 1052 4121 in
1078 4016 1277 4124 tabernacuble.
1308 4101 1342 4112 —

166 4129 275 4211 visum
294 4134 345 4186 est
362 4133 507 4188 iibersetae
525 4134 598 4188 nach
618 4142 641 4200 1,
657 4140 673 4187 3
692 4153 726 4188 ιιι
779 4135 972 4192 Remorum:
992 4136 1069 4191 aiehe
1089 4143 1117 4208 1,
1138 4143 1153 4192 1
1172 4157 1208 4192 ιιι
1225 4139 1343 4213 Belgae.

166 4200 381 4257 arbitrabantur.
400 4235 434 4244 —
453 4210 478 4257 4.
498 4204 541 4258 31
559 4204 724 4260 concilia:
778 4236 812 4245 -
831 4206 998 4264 instituit.
1028 4207 1105 4264 Sed:
1129 4208 1211 4264 dator
1229 4210 1277 4267 die
1296 4212 1336 4268 W

166 4268 212 4323 113
231 4269 314 4325 Citear
332 4273 494 4328 einberufen
511 4275 599 4328 hatte.
778 4277 811 4330 A.
830 4276 966 4346 instituit,
989 4280 1038 4333 331
1057 4279 1113 4334 und
1136 4279 1267 4337 schlieset
1292 4283 1344 4341 dae

199 4339 264 4406 Cep.
284 4347 309 4396 3.
337 4350 361 4396 1,
380 4344 472 4398 Η330
491 4344 629 4399 civitae:
656 4347 725 4401 iiber
778 4347 875 4402 weiter
898 4351 985 4403 unten
1011 4349 1143 4420 folgende
1166 4351 1346 4413 Indutioma-
