2804 4778
462 238 528 292 nie.
548 239 609 296 vu,
638 239 717 296 oar.
736 244 851 297 ra-ae.
1176 239 1241 303 219

66 407 198 468 hostium
221 422 315 483 paene
340 405 540 485 contingeret,
569 414 599 465 et
623 404 730 466 Caesar
753 405 789 466 ad
817 424 892 484 opus
915 406 1131 467 consuetudine
1154 425 1242 468 excu-

67 497 154 556 baret
185 492 355 571 militesque
387 487 572 574 hortaretur,
602 513 639 553 ne
673 493 752 572 quod
785 496 905 554 omnino
937 501 1055 574 tempus
1086 495 1122 556 ab
1152 513 1243 574 opere

68 584 348 661 intermitteretur,
370 580 457 660 paulo
495 589 563 642 ante
601 584 720 642 tertiam
756 582 883 661 vigiliam
920 591 967 643 est
1007 583 1243 644 animadversum

67 675 182 734 lumare
212 687 363 750 aggerem,
397 687 486 748 quem
516 669 654 731 cuniculo
685 670 787 730 hostes
817 671 1046 752 succenderant,
1078 671 1277 750 eodemque3

66 771 201 839 tempore
230 765 293 819 toto
323 775 409 818 muro
434 758 560 818 clamore
585 758 700 819 sublato
724 758 839 819 duabus
865 761 960 838 portis
984 759 1020 819 ab
1051 767 1179 837 utroque
1203 759 1242 818 la-

67 859 133 911 tere
161 849 436 926 turriumeruptio
464 847 578 919 tiebatr
594 847 643 906 alii
671 848 751 911 laces
774 854 863 925 atque
887 848 998 907 aridam
1028 850 1182 908 materiem
1205 848 1278 908 de4

67 957 155 998 muro
179 939 209 996 in
233 954 371 1014 aggerem
395 937 511 996 eminus
534 935 693 1014 iaciebant,
717 938 814 1014 picem
838 934 1027 1014 reliquasque
1047 955 1109 1017 res,
1133 936 1241 1015 quibus

65 1029 143 1106 ignis
172 1027 295 1085 excitari
321 1032 434 1105 potest,
463 1024 639 1104 fundebant,
666 1032 713 1103 ut,
741 1042 800 1101 quo
831 1026 960 1102 primum
990 1032 1163 1084 curreretur
1191 1033 1242 1085 aut

65 1118 116 1175 cui
139 1116 183 1173 rei
206 1114 338 1174 ferretur
361 1112 519 1189 armillum,
542 1113 590 1171 vix
613 1114 688 1171 ratio
712 1114 782 1172 iniri
804 1120 915 1190 posset.
952 1112 1072 1193 Tamen,
1095 1112 1174 1191 quod
1198 1116 1277 1173 iri-5

67 1206 173 1264 stituto
197 1200 330 1261 Caesaris
354 1218 473 1278 semper
496 1199 571 1259 dnae
594 1195 726 1278 le‘giones
755 1219 810 1279 pro
834 1204 939 1262 castris
963 1201 1148 1262 excubabant
1175 1201 1239 1279 plu-

65 1308 175 1368 resque
198 1290 315 1367 partitis
340 1287 524 1366 temporibus
548 1296 633 1348 erant
655 1291 686 1348 in
710 1307 815 1369 opere,
838 1290 977 1350 celeriter
1000 1290 1184 1370 factumest,
1208 1297 1241 1349 ut

65 1379 115 1438 alii
138 1376 345 1455 eruptionibus
369 1377 558 1457 resisterent,
582 1376 632 1436 alii
654 1384 754 1437 turres
778 1377 957 1438 reducerent
980 1395 1177 1456 aggeremque
1196 1379 1240 1436 in·

65 1465 298 1545 terscinderent,
322 1465 418 1524 omnis
448 1483 516 1523 vero
545 1484 581 1524 ex
610 1469 716 1526 castris
744 1465 902 1526 multitudo
931 1466 966 1525 ad
996 1465 1241 1544 restinguendum

65 1560 269 1615 concurreret.

154 1638 206 1702 25.
230 1640 355 1701 (lumin
375 1641 513 1702 omnibus
536 1641 609 1702 loois
629 1651 804 1722 cousumpta
827 1646 885 1703 iam
904 1644 1017 1721 reliqua
1041 1650 1125 1722 parte
1145 1645 1241 1703 noctis

64 1739 249 1811 pugnaretur
273 1748 451 1808 semperque
481 1729 618 1790 hostibus
647 1749 715 1810 spes
746 1734 884 1792 victoriae
913 1731 1181 1813 redintegraretur,
1206 1750 1241 1791 eo

65 1822 174 1901 magis,
208 1818 286 1897 quod
319 1819 441 1879 deustos
472 1818 590 1897 pluteos
624 1822 751 1879 turrium
783 1819 921 1880 videbant
953 1838 1008 1880 uec
1041 1819 1126 1880 lacile
1159 1819 1240 1880 adire

64 1917 184 1987 apertos
207 1907 243 1968 ad
278 1906 478 1988 auxiliandum
501 1906 785 1988 animadvertebant,
815 1925 992 1986 semperque
1019 1910 1077 1986 ipsi
1103 1916 1241 1967 recentes

64 1997 190 2057 defessis
223 1995 419 2056 succederent
452 2013 629 2073 omnemque
663 1995 771 2056 Galliae
804 1996 928 2056 salutern
961 1997 991 2054 in
1028 1995 1077 2054 illo
1115 1998 1239 2074 vestigio

64 2086 208 2164 temporis
230 2086 358 2163 positam
381 2083 611 2163 arbitrarentur,
635 2084 743 2144 accidit
771 2083 1007 2162 inspectantibus
1031 2083 1130 2165 nobis,
1161 2083 1240 2162 quod

66 2174 188 2252 dignum
214 2175 357 2233 memoria
387 2175 483 2232 visum
510 2172 762 2250 praetereundum
790 2191 849 2232 nou
879 2174 1119 2232 existimavimus,
1166 2172 1236 2243 Qui·
1260 2187 1275 2234 2

62 2341 625 2399 -2.consuetudinezdberdieBe·
680 2342 806 2397 castris
847 2343 1047 2398 multitudo:
1088 2344 1159 2397 fiber
1194 2342 1240 2397 die

63 2414 373 2485 deutungdieseshbl.
387 2413 445 2467 und
464 2413 513 2467 des
528 2413 626 2467 weiter
680 2414 768 2468 Kiirze
797 2415 846 2469 des
868 2415 1029 2470 Ausdruohs
1053 2433 1074 2469 s.
1098 2421 1129 2482 2,
1153 2420 1199 2483 12,
1223 2421 1240 2467 4

62 2487 150 2540 unteu
167 2487 198 2539 iu
216 2485 321 2540 diesem
336 2485 403 2553 Cap.
418 2482 569 2554 folgenden
583 2483 624 2537 in·
679 2502 713 2539 zu
731 2486 820 2540 omnis
839 2503 873 2540 ex
890 2484 966 2556 fugo.

63 2556 162 2611 scitule
181 2562 247 2625 sd,
267 2562 310 2624 27,
329 2559 345 2609 5
365 2555 624 2610 zueonsuetudine.
715 2554 781 2625 (lep.
808 2563 850 2612 25.
889 2564 912 2612 1.
938 2555 1241 2624 comsumptaiam

63 2659 97 2667 -
124 2644 164 2681 ue
190 2657 225 2666 -
249 2629 395 2694 tempus:
422 2627 534 2696 tempus
562 2626 624 2682 iibs.
678 2627 817 2696 reliqua
834 2630 933 2696 perte
952 2628 1077 2682 noctisr
1102 2625 1156 2679 mit
1173 2626 1240 2680 wel-

62 2698 135 2751 nech
159 2704 187 2765 1,
211 2703 258 2764 26,
285 2703 300 2750 5
324 2715 358 2749 zu
379 2697 486 2750 nullam
504 2700 624 2766 partem.
679 2699 750 2752 chen
769 2699 887 2751 Worten
910 2698 959 2753 des
978 2714 1000 2751 c.
1020 2704 1056 2752 24
1079 2696 1155 2751 steht
1177 2696 1240 2750 reli·

61 2768 115 2823 Mit
142 2768 247 2822 diesem
274 2767 438 2821 Ausdruclre
466 2766 624 2836 vergleiehe
679 2784 735 2836 qua
753 2769 833 2836 parte
851 2768 942 2822 noctis
959 2768 999 2821 im
1018 2767 1191 2836 Gegeusotz?
1207 2798 1240 2806 -

63 2846 92 2906 5,
118 2845 149 2891 11
169 2854 205 2891 ne
222 2836 365 2891 nocturnis
385 2837 498 2906 quidem
517 2840 569 2891 ete.
590 2867 623 2876 -—
677 2839 846 2960 Bluteos:
877 2838 968 2905 plutei
999 2837 1061 2892 sind
1088 2837 1168 2891 nicht
1194 2837 1240 2892 die

63 2911 142 2963 ante
160 2907 304 2962 tertiam
323 2907 495 2975 vigiliam:
514 2926 548 2960 zu
559 2907 624 2960 wel·
702 2908 883 2974 rustwehren,
897 2907 1024 2962 diceban
1038 2925 1074 2962 on
1087 2908 1240 2962 denThtir·

62 2981 128 3033 cher
157 2978 263 3032 Stunde
295 2976 368 3030 nach
395 2994 509 3032 unserer
536 2977 624 3031 Rech-
678 2994 749 3032 meu
766 2978 938 3047 angebrecht
956 2995 1059 3047 waren,
1077 2978 1135 3031 und
1153 2978 1241 3032 durch

61 3056 156 3118 nung?
176 3066 197 3101 s.
214 3057 238 3116 1,
258 3054 299 3103 12.
319 3078 354 3087 —
373 3055 398 3102 3.
418 3048 458 3102 ab
477 3050 624 3115 utroque
678 3048 784 3103 welche
804 3049 864 3103 sich
886 3048 931 3103 die
954 3048 1005 3103 auf
1025 3050 1079 3104 den
1097 3049 1240 3103 Thiirmen

60 3122 172 3175 latere
186 3119 345 3173 turriumz
359 3119 448 3173 durch
457 3118 624 3173 zweiThore
679 3119 832 3174 slehenden
852 3119 986 3174 Soldaten
1003 3121 1156 3189 sehiitztem
1178 3137 1240 3174 son-

61 3191 111 3246 aul
130 3189 233 3244 beiden
252 3189 347 3245 Seiten
366 3191 414 3244 der
433 3190 556 3243 Thilrme
574 3189 625 3243 der
679 3191 747 3244 dem
759 3190 822 3259 „die
831 3190 916 3244 theiis
925 3207 983 3257 vor,
1001 3190 1087 3245 theiis
1102 3191 1240 3246 seitwbrts

60 3263 176 3329 Rdmer,
200 3277 230 3315 so
254 3261 319 3314 dass
343 3261 384 3316 sie
402 3260 449 3315 die
466 3261 624 3314 rbmisehen
678 3278 714 3314 an
726 3261 791 3315 dem
800 3262 917 3316 Damme
929 3260 1129 3330 autgestellten
1141 3263 1240 3317 Front-

60 3332 344 3401 Belagerungswerke
355 3332 407 3386 aui
417 3330 518 3386 beiden
528 3331 624 3386 Seiten
678 3331 811 3401 sehirme,
833 3333 940 3388 welche
962 3350 1010 3387 zur
1028 3332 1165 3402 Deekung
1190 3334 1240 3387 der

61 3403 205 3473 augriffen.
230 3433 263 3442 —
288 3409 312 3457 4,
336 3403 563 3471 reliquasque
589 3434 622 3442 -
676 3403 818 3458 Arbeiter*
837 3404 894 3457 und
926 3422 974 3458 zur
1001 3403 1158 3459 Aufnahme
1191 3405 1240 3459 der

60 3475 189 3544 potest:
217 3475 275 3528 und
300 3474 459 3542 iiberheupt
483 3471 623 3528 fenei-fun·
679 3474 1239 3544 Belagerungsmannscheftdienen3tur·

58 3544 150 3616 gendo
166 3544 261 3598 Stoffe.
276 3561 391 3613 —quo
406 3575 440 3584 —
459 3543 623 3599 ferretur:
677 3544 751 3598 rium
774 3547 812 3600 ist
840 3547 927 3600 daher
953 3565 987 3600 zu
1014 3546 1179 3602 streichen“.
1204 3577 1238 3586 —

59 3617 129 3670 iiber
151 3614 197 3669 die
215 3616 298 3670 Kreft
320 3616 369 3669 des
388 3615 532 3684 Conjunet.
556 3634 578 3670 s.
599 3622 623 3685 1,
677 3633 738 3671 nec
763 3647 798 3656 -
823 3616 1160 3673 animadvertebant:
1187 3633 1239 3670 nec

60 3694 76 3741 6
101 3705 134 3739 zu
157 3686 336 3753 ducerentur,
360 3703 415 3754 quo
434 3711 468 3731 =
486 3686 517 3739 in
540 3703 624 3753 quem
678 3712 712 3732 =
736 3689 765 3741 et
789 3703 860 3754 non;
886 3704 943 3742 von
970 3687 1067 3742 diesen
1092 3686 1240 3741 Partilreln

58 3758 161 3812 locum.
190 3787 223 3795 —
252 3757 341 3811 ratio
368 3757 464 3810 iniri:
493 3755 624 3827 iiberlegt
677 3757 779 3827 gehbrt·
797 3760 827 3813 et
844 3777 906 3812 zum
921 3759 1093 3828 Hauptsatze
1111 3759 1169 3810 und
1182 3772 1239 3810 non

59 3827 179 3883 werden.
205 3858 239 3866 —
265 3833 290 3882 6.
316 3828 493 3882 instituto:
519 3827 624 3882 wieder
677 3846 740 3882 zum
754 3828 985 3884 Nebensatze.-
1005 3830 1156 3896 apertos:
1176 3825 1239 3881 sind

61 3898 213 3953 eiuAblab.
229 3898 278 3953 der
295 3899 363 3952 kurz
381 3899 483 3953 vorher
496 3899 622 3954 erwithu·
677 3899 723 3954 die
747 3899 828 3954 nieht
852 3901 932 3954 mehr
956 3899 1045 3952 durch
1070 3896 1115 3950 die
1140 3896 1238 3951 Front

58 3971 107 4024 ten
134 3970 195 4026 are.
222 4000 254 4008 -
280 3969 424 4038 partitis
456 3969 622 4039 tempori·
677 3970 968 4040 sehirmegedeclrten
981 3967 1238 4037 undgesehiitnten.

58 4040 623 4095 buezabweohselnd.-reducerent:
677 4071 712 4080 -
736 4041 817 4110 ipsi:
843 4041 895 4096 auf
915 4040 992 4093 ihrer
1018 4039 1101 4092 Seite.
1128 4069 1162 4078 -
1186 4055 1238 4094 re·

58 4111 193 4165 wodurch
216 4110 275 4165 dies
299 4110 434 4181 geschah,
457 4111 577 4165 darriber
601 4129 621 4166 s.
677 4115 794 4167 centes
814 4136 848 4156 =
865 4109 982 4180 integri:
1001 4110 1088 4178 vergi.
1108 4127 1142 4164 nu
1156 4125 1178 4162 c.
1195 4115 1238 4164 87.

59 4187 90 4248 2,
111 4187 158 4249 12,
177 4186 202 4236 5.
222 4212 257 4222 —
275 4197 501 4252 aggeremque
521 4213 555 4221 —
573 4181 623 4236 in·
678 4214 711 4222 -
739 4181 891 4250 vestigio
920 4181 1099 4248 temporis:
1125 4183 1238 4249 Augen·

59 4251 330 4307 terscinderent:
349 4252 624 4307 demilniehtFeuer
676 4252 762 4307 blicis.
787 4281 821 4292 —
843 4250 1138 4319 inspectantibus:
1168 4251 1238 4304 iiber

59 4323 124 4376 dem
150 4322 270 4392 iibrigen
296 4323 394 4377 Theile
420 4323 469 4377 dea
491 4323 623 4376 Dammes
677 4322 898 4392 dieBedeutuug
917 4322 967 4377 der
983 4321 1203 4390 Frequentetiva
1216 4337 1236 4376 s.

32 4461 34 4465 Ι
58 4394 119 4447 sich
148 4393 297 4469 mittheile.
325 4424 360 4434 -
386 4393 492 4448 omnis
520 4424 553 4433 -
581 4409 623 4447 ex
677 4393 1085 4464 3,12zuclllictarentur.—-
1100 4393 1250 4458 diguam
