2804 4778
146 221 188 285 38
374 246 379 256 ·
550 221 598 274 DE
618 220 737 275 BELLO
756 219 912 275 GALLIOO

141 405 216 466 quos
230 395 327 447 tamen
341 386 450 465 aliquid
466 404 538 446 usus
553 404 586 446 ac
604 385 768 465 disciplina,
783 403 858 465 quae
873 404 890 446 a
905 385 989 446 uobis
1004 388 1201 466 accepissent,
1216 385 1315 447 suble·

106 489 122 537 6
142 483 252 536 varent.
286 474 330 534 Ex
344 493 403 554 quo
417 475 543 535 iudicari
556 493 654 555 posse,
669 483 812 552 quantum
826 473 950 535 haberet
962 476 995 534 in
1009 492 1040 535 se
1056 472 1126 534 boni
1141 477 1316 554 constantia,

139 572 298 643 propterea
327 563 419 644 quod,
452 580 527 641 quos
557 562 736 640 aliquamdiu
764 565 895 623 inermos
926 565 988 622 siue
1019 580 1108 623 causa
1136 565 1317 644 timuissent,

106 652 195 713 thos
226 660 329 731 postea
360 659 489 712 armatos
522 669 555 710 ac
587 653 715 711 victores
748 659 947 730 superassent.
994 650 1127 729 Denique
1160 651 1215 711 hos
1246 669 1314 712 csse

142 741 275 820 eosdem,
299 739 476 818 quibuscum
507 757 721 817 saepenumero
751 738 877 799 Helvetii
904 741 1058 818 congressi
1080 758 1141 799 non
1165 739 1262 800 solum
1284 742 1317 800 in
1396 757 1398 760 ·

140 829 212 910 suis,
236 827 286 889 sed
312 831 400 889 etiam
423 828 454 887 in
477 826 597 887 illorum
615 826 724 888 linibus
747 827 923 908 plerumque
943 829 1121 909 superarint,
1145 830 1197 906 qui
1214 836 1316 889 tamen

104 929 226 996 speres
246 935 312 977 esse
331 927 434 977 nostro
458 918 603 976 exercitui
621 933 681 975 non
705 918 865 994 potuerint.
908 916 939 976 Si
959 934 1033 994 quos
1052 915 1209 977 adversum
1227 935 1315 996 proc·

138 1004 211 1065 lium
235 1013 265 1066 et
291 1005 361 1082 iuga
389 1003 539 1064 Gallorum
568 1013 780 1085 commoveret,
809 1003 877 1086 hos,
905 1007 931 1064 si
961 1012 1153 1084 quaererent,
1180 1009 1316 1085 reperire

138 1111 226 1172 posse
254 1093 449 1153 diuturnitate
477 1091 547 1153 belli
575 1092 741 1171 defatigatis
765 1092 854 1153 Gadis
885 1093 1078 1173 Ariovistum,
1107 1111 1176 1153 cum
1204 1094 1316 1154 multos

120 1199 257 1241 menses
290 1183 395 1240 castris
428 1199 460 1242 se
492 1200 526 1241 ac
558 1180 715 1260 paludibus
748 1183 893 1242 tenuisset
925 1199 1023 1260 neque
1057 1183 1105 1241 sui
1136 1190 1315 1260 potestatem

139 1270 273 1348 lecisset,
303 1269 495 1348 desperantes
522 1272 582 1328 iam
609 1269 646 1329 de
677 1287 777 1348 pugna
805 1277 836 1330 et
865 1269 1016 1349 dispersos
1046 1268 1145 1330 subito
1176 1269 1315 1331 adortum

103 1370 119 1419 9
139 1359 232 1436 magis
254 1359 368 1417 ratione
393 1366 423 1417 et
446 1358 568 1418 oonsilio
592 1375 680 1437 quam
704 1360 814 1418 virtute
837 1360 951 1418 vicisse.
1002 1357 1057 1418 Cui
1080 1359 1188 1418 rationi
1210 1367 1315 1419 contra

138 1444 274 1506 homines
297 1444 439 1505 barbaros
463 1453 552 1524 atque
571 1447 726 1526 imperitos
748 1445 833 1506 locus
855 1447 971 1526 luisset,
994 1445 1049 1506 hac
1068 1441 1106 1506 ne
1129 1448 1229 1525 ipsum
1249 1449 1315 1526 qui-

87 1545 121 1595 10
139 1533 206 1594 dem
231 1551 351 1613 sperare
374 1543 493 1595 nostros
517 1536 667 1596 exercitus
691 1536 755 1613 capi
778 1552 875 1613 posse.
920 1533 980 1604 Qui
1004 1551 1092 1595 suum
1121 1535 1259 1595 timorem
1282 1538 1315 1595 iu

138 1624 183 1682 rei
197 1622 408 1682 frumentariae
424 1623 642 1684 simulationem
655 1624 866 1702 angustiasque
884 1623 1001 1683 itineris
1015 1622 1196 1702 conferrent,
1215 1623 1314 1685 iacere

138 1719 320 1790 arroganter,
344 1729 412 1770 cum
436 1719 486 1772 aut
509 1711 545 1771 dc
569 1711 667 1771 ollicio
690 1712 878 1791 imperatoris
906 1709 1066 1790 desperare
1090 1718 1140 1770 aut
1168 1713 1314 1790 praescri·

87 1811 119 1859 11
139 1797 210 1858 bere
243 1797 423 1859 viderentur.
470 1799 548 1860 Haec
586 1798 642 1859 sibi
680 1817 746 1859 esse
784 1817 888 1879 curae3
926 1799 1111 1860 frumentum
1151 1798 1315 1888 Sequanos,

136 1968 182 2024 die
200 1985 254 2023 von
272 1968 377 2023 Marius
395 1969 569 2040 gelangenen
587 1985 694 2039 germa·
750 1968 790 2024 eis
812 2001 845 2010 -
867 1968 1023 2038 congressi,
1053 1968 1212 2038 superarint
1236 1969 1314 2024 siahe

135 2039 248 2094 nischen
277 2040 403 2095 Sclaven.
433 2072 466 2080 —-
494 2041 613 2095 servili
642 2042 695 2095 tu·
750 2047 863 2110 c.26,6
883 2039 1314 2096 recodere-habiturum.-

135 2110 260 2165 multu:
278 2110 323 2164 fiir
341 2110 467 2165 welchen
482 2111 630 2166 Gabrauch
648 2111 696 2166 des
750 2115 865 2166 tamen
884 2110 993 2165 erkliire
1013 2110 1102 2165 durch
1120 2109 1202 2165 einen
1218 2128 1252 2164 au
1271 2127 1314 2166 ar·

135 2181 264 2236 Ablotirs
297 2181 369 2236 ohne
397 2182 574 2251 Pr'atposition
604 2183 695 2251 geben
750 2181 912 2251 ginuenden
932 2179 1006 2237 Sata.
1026 2211 1060 2221 -
1089 2188 1113 2236 8.
1134 2181 1314 2239 adversum

136 2251 181 2305 die
199 2252 297 2306 Worte
321 2251 367 2306 ain
388 2252 530 2320 Beispielt
555 2283 587 2292 -
613 2269 696 2320 quos
750 2253 931 2322 proeliumt
951 2269 971 2306 e.
988 2269 1010 2308 c.
1021 2257 1063 2307 31.
1080 2282 1114 2290 -
1132 2252 1314 2309 diuturni·

135 2321 249 2376 beziehe
268 2321 319 2375 auf
334 2320 383 2376 das
401 2322 545 2376 inserviti
567 2323 695 2391 liegende
749 2325 822 2378 tata
847 2353 880 2363 -
904 2321 1017 2377 Gallis
1040 2323 1133 2377 iibere.
1156 2322 1229 2377 nach
1252 2340 1276 2379 c.
1297 2331 1313 2379 3

137 2391 358 2448 substantiu-
376 2393 492 2446 tamen
509 2393 548 2447 ist
562 2411 585 2448 c.
599 2398 634 2447 32
654 2409 695 2447 ar·
750 2412 785 2447 au
807 2409 894 2462 regno
923 2395 1058 2462 occupato
1086 2394 1113 2448 b.
1138 2423 1172 2434 -·
1201 2409 1313 2462 neque

135 2463 219 2517 kl'airt.
239 2492 274 2502 —
297 2461 444 2530 aliquid:
468 2463 513 2517 ein
541 2464 696 2519 adverbiali
748 2463 905 2518 fecisset:
943 2462 1128 2532 Gelcgenhcit
1164 2481 1199 2518 au
1236 2464 1314 2521 einer

135 2533 322 2604 gebrauchter
334 2534 442 2602 Arcus,
461 2535 556 2602 etwas,
576 2534 696 2603 einiger·
751 2534 885 2590 Schlacht
899 2534 952 2588 mit
965 2532 1026 2588 sich
1039 2537 1136 2604 geben.
1150 2565 1183 2575 «-
1194 2535 1313 2604 deape·

135 2620 252 2659 massan.
289 2603 344 2658 Ein
366 2605 490 2674 gleicher
514 2605 590 2660 steht
613 2611 695 2672 4,1=
750 2607 866 2659 rantes
896 2635 928 2644 -
957 2605 997 2660 de
1024 2621 1150 2675 pugna:
1184 2605 1237 2676 sie,
1266 2606 1313 2662 die

136 2675 221 2730 Suebi
235 2675 386 2730 maximam
400 2678 513 2746 portem
527 2676 696 2744 lacteusque
750 2674 853 2730 bareits
889 2675 944 2742 den
981 2675 1135 2731 Gedankcn
1177 2693 1214 2730 an
1249 2676 1314 2733 eins

135 2745 565 2888 {dicrimine-attit-
582 2748 695 2888 lita·
748 2746 1065 2888 itlltlittttltn
1081 2747 1134 2872 Zi‘
1153 2745 1314 2873 clanquq,

135 2889 228 2942 sucht.
247 2919 279 2929 -
305 2906 390 2958 quae
410 2920 443 2929 -
463 2888 694 2972 accepissent:
748 2888 860 2956 qnando
881 2920 912 2929 -
938 2888 995 2943 suis
1018 2860 1146 2972 fortunii.
1161 2888 1312 2958 desperare

135 2965 240 3111 ilessipg
250 2976 414 3098 ιῗιῖιᾞιῗ
434 2961 694 3101 {troiiilff‘il
748 2961 959 3084 ξιῗῖιῖθῗὲξέιιῗ
979 2959 1312 3111 ἷζιξῖθῖῗνῗιοῖιᾱῗῖιῗῖ

135 3099 290 3155 sachhches
312 3101 426 3155 Mascul.
449 3121 476 3157 u.
500 3101 635 3155 Feminin.
660 3131 694 3140 -
749 3101 885 3155 struction
900 3102 971 3154 setzt
987 3100 1079 3155 dieser
1093 3099 1241 3156 Gebrauch
1255 3119 1312 3159 von

135 3171 372 3226 sublevarent:
390 3172 442 3226 wir
455 3173 528 3226 auch
546 3172 592 3226 ein
611 3170 695 3226 ande·
749 3170 896 3240 desperare
914 3173 1047 3238 vorsuti)
1067 3171 1182 3226 domum
1196 3173 1310 3229 conten·

133 3257 177 3294 res
196 3241 327 3311 Tempus.
362 3243 418 3297 Der
435 3245 539 3297 Romen
557 3243 625 3296 aber
643 3242 693 3296 dus
748 3241 857 3297 derunt.
872 3271 905 3280 -
919 3241 1070 3295 ratione:
1088 3241 1175 3311 hluge
1192 3242 1311 3298 Borech-

133 3311 259 3382 Imperi,
288 3330 337 3365 um
369 3312 413 3367 die
441 3314 535 3367 Dauer
560 3312 694 3367 wahrend
747 3329 837 3381 nung,
871 3311 1034 3367 consilio:
1067 3313 1312 3394 wohlcngelegtsr

133 3382 182 3438 des
208 3382 309 3452 Kriegs
337 3401 371 3436 au
399 3384 574 3439 bezeichnen.
606 3414 639 3424 -
669 3390 693 3438 6.
747 3383 831 3450 Plan,
850 3383 920 3439 List.
940 3412 973 3422 -
997 3388 1023 3438 9.
1043 3383 1103 3437 (lui
1127 3384 1257 3438 rationi
1277 3416 1310 3425 -

133 3469 246 3522 posse:
261 3453 342 3507 dafiir
355 3454 461 3508 kdnntc
472 3454 544 3508 auch
555 3453 693 3509 einande-
747 3453 809 3508 hac
828 3477 862 3499 ==
882 3453 930 3508 sed
954 3453 1007 3508 hae
1025 3453 1146 3521 ratione,
1171 3454 1228 3518 cui3
1253 3456 1311 3525 vgl.

133 3540 178 3578 rer
195 3524 295 3579 Modus
314 3525 425 3591 steheu;
450 3524 558 3579 erklttre
577 3526 632 3579 den
649 3525 693 3578 In·
748 3541 771 3578 c.
788 3530 820 3578 12
840 3542 873 3578 au
891 3525 933 3581 ita
952 3524 1010 3580 sive
1029 3527 1081 3580 etc.
1098 3556 1131 3564 -
1150 3524 1264 3593 ipsum
1284 3526 1311 3580 d.

133 3594 232 3651 finitiv.
257 3626 290 3634 —
313 3594 524 3650 constantien
550 3595 600 3650 der
622 3596 693 3650 feste
747 3595 765 3650 i.
793 3594 973 3650 Ariovistum.
1001 3626 1037 3636 -
1069 3595 1159 3663 capi:
1192 3595 1312 3651 bertielrt

135 3664 215 3732 Sion,
249 3665 294 3720 die
325 3666 625 3723 Unerschrockenhcit.
658 3697 692 3706 -
747 3667 867 3722 werden.
887 3697 920 3706 -—
941 3672 983 3720 10.
1002 3665 1161 3721 timorem
1179 3696 1215 3707 -
1234 3683 1310 3722 con·

133 3738 318 3818 propterea
336 3739 437 3806 quod:
457 3745 557 3795 s.e.13
574 3738 694 3808 auquod
746 3737 880 3793 ferrent
901 3738 931 3792 in
956 3736 1165 3792 simulationem
1187 3736 1228 3792 rei
1253 3737 1311 3793 iru-
1335 3762 1353 3791 a·
1377 3800 1378 3805 ἵ

132 3808 196 3876 ipsi.
229 3838 262 3848 -
292 3813 440 3865 armatos
471 3827 510 3865 ac
542 3811 692 3866 victores
746 3811 847 3877 ment,
872 3807 1037 3878 eigentlich:
1063 3807 1108 3862 die
1126 3807 1187 3862 ihre
1206 3808 1334 3863 Furcht‘

133 3878 277 3933 iibersetze
305 3880 392 3933 durch
424 3882 505 3935 einen
534 3881 609 3948 Sata3
643 3897 693 3935 nus
747 3881 870 3934 schbben
895 3878 946 3933 auf
973 3878 1024 3932 das
1050 3877 1215 3933 fiilschliche
1242 3878 1311 3934 Vor-

133 3947 310 4003 Flechtwerk
324 3949 381 4002 und
392 3951 583 4006 Thierhbuten
596 3950 692 4004 mach·
747 3950 850 4019 geben,
873 3949 1066 4004 Vorschiitzen
1089 3949 1136 4004 des
1160 3949 1311 4005 Mundvor·

133 4019 182 4071 ten
206 4019 245 4072 sie
269 4018 328 4072 sich
348 4019 459 4075 Schilde
478 4021 535 4074 und
558 4037 609 4074 aus
628 4020 692 4074 dem
747 4019 838 4087 rotha,
864 4018 889 4074 d.
914 4019 933 4073 i.
959 4019 1005 4074 die
1029 4021 1070 4074 als
1089 4021 1212 4075 Ursache
1234 4021 1312 4077 ihrer

133 4086 216 4143 Eiaen
239 4089 314 4144 ihrer
331 4089 514 4161 Geirtngnisse
539 4089 695 4146 Schwartar
748 4091 856 4145 Fureht
875 4089 1024 4144 ialschlich
1041 4092 1237 4146 voi-sohdtateu
1255 4091 1312 4147 den

133 4176 160 4213 u.
175 4159 412 4230 Wurlgeschosse.
429 4194 461 4202 -
483 4168 508 4217 t.
526 4161 693 4229 Denique:
748 4161 862 4230 Mangel
878 4177 914 4215 an
928 4161 1145 4231 Mundvorrath,
1163 4161 1231 4217 oder
1248 4176 1310 4219 rer-

133 4229 209 4284 kurz.
223 4262 257 4270 —
272 4232 344 4285 hos:
359 4233 427 4313 dies.
443 4263 476 4273 -
492 4230 694 4312 quibuscum
749 4231 877 4286 stecktcn
894 4232 988 4313 hinter
1006 4233 1059 4286 den
1074 4232 1311 4315 Maugeluav.

205 4304 695 4442 crescerecuteret
748 4302 1312 4452 utatrmmttrttttutr
