2804 4778
494 230 561 286 ΜΒ,
581 232 602 285 Ι.
632 233 710 288 cAP.
729 238 843 287 sat-ea.
904 283 908 289 ,
1211 232 1254 298 33

79 417 148 459 cum
178 416 213 458 eo
244 399 388 460 futuram:
420 401 445 457 si
474 416 533 458 nou
560 399 750 478 impetraret,
779 415 860 480 sese,
874 400 1029 477 'quoniam
1055 399 1092 460 M.
1122 400 1254 481 Messala,

78 486 116 547 M.
139 485 247 546 Pisone
275 485 448 547 consulibus
477 492 597 546 senatus
626 489 804 564 censuisset,
839 489 895 566 nti,
923 489 1105 566 quicumque
1133 488 1255 550 Galliam

78 577 263 655 provinciam
294 575 456 654 obtineret,
495 572 574 652 quod
612 574 767 634 commodo
800 574 980 654 reipublicae
1013 577 1111 637 lacere
1144 585 1255 656 posset,

78 662 196 723 Aeduos
220 671 397 742 ceterosque
419 665 529 723 amicos
551 661 654 742 populi
673 661 797 722 Romani
821 662 1008 743 defenderet,
1032 683 1063 725 se
1083 664 1255 725 Aeduorum

78 752 203 812 iniurias
226 769 286 815 nou
310 751 524 830 neglecturum.

168 853 220 918 36.
269 858 312 918 Ad
339 857 412 917 baec
440 857 605 918 Ariovistus
633 856 802 936 respondit:
839 857 888 916 lus
916 876 981 917 esse
1009 856 1094 933 belli,
1127 867 1173 940 ut,
1202 863 1255 938 qui

79 946 234 1026 vicissent,
263 947 313 1026 iis,
342 962 417 1024 quos
445 948 601 1027 vicissent,
637 945 885 1023 quemadmodum
913 945 1037 1026 vellent,
1060 950 1254 1026 imperarent:

79 1035 151 1094 item
174 1033 317 1113 populum
340 1033 506 1094 Romanum
536 1036 622 1094 victis
644 1052 704 1094 non
728 1032 764 1093 ad
793 1033 915 1093 alterius
942 1036 1171 1115 praescriptum,
1203 1034 1254 1096 sed

78 1123 115 1182 ad
143 1139 231 1182 suum
260 1121 416 1183 arbitrium
443 1125 589 1202 imperare
620 1140 790 1183 consuesse.
838 1120 870 1181 Si
897 1123 961 1202 ipse
989 1122 1099 1202 populo
1122 1122 1288 1185 Romanoa

79 1227 139 1269 nou
163 1209 395 1292 praescriberet,
419 1211 667 1289 quemadmodum
691 1229 745 1272 suo
769 1213 834 1302 ipre
858 1218 1008 1291 uteretur,
1032 1229 1091 1271 non
1115 1220 1253 1290 oportere

79 1315 145 1357 sese
176 1316 193 1358 a
219 1299 329 1378 populo
352 1299 485 1359 Romano
512 1302 543 1359 iu
571 1318 625 1360 suo
654 1302 719 1360 iure
747 1297 893 1378 impediri.
938 1298 1056 1359 Aeduos
1087 1298 1158 1380 sibi,
1181 1314 1289 1378 quo-3

79 1387 158 1446 niam
188 1385 258 1446 belli
288 1388 437 1448 fortunam
471 1396 667 1467 temptassent
697 1396 726 1448 et
757 1389 846 1448 armis
875 1389 1028 1466 congressi
1057 1406 1090 1447 ac
1122 1390 1282 1467 superati‘

80 1482 190 1555 essent,
209 1475 418 1554 stipendiarios
438 1494 503 1536 esse
528 1476 630 1536 factos.
658 1475 792 1555 Magnam
812 1474 968 1535 Caesarem
986 1477 1126 1535 iniuriam
1145 1477 1288 1557 faceret

80 1564 132 1640 qui
163 1582 217 1624 suo
246 1562 372 1624 adventu
402 1563 555 1642 vectigalia
582 1563 639 1624 sibi
667 1563 816 1624 deteriora
846 1564 964 1624 laceret.
1011 1563 1121 1625 Aeduis
1145 1583 1177 1625 se
1201 1564 1288 1627 oba

79 1649 159 1710 sides
181 1650 369 1713 redditurum
396 1670 456 1712 non
480 1670 560 1731 esse,
588 1670 685 1730 neque
708 1654 746 1711 iis
775 1670 871 1731 neque
900 1671 1005 1712 eorum
1033 1655 1122 1712 sociis
1146 1655 1254 1713 iniuria

74 1737 191 1799 'bellurn
213 1739 373 1821 illaturum,
398 1742 423 1800 si
445 1741 477 1799 in
500 1749 718 1820 comanerent,
742 1741 821 1819 quod
844 1744 1040 1821 convenisset,
1059 1741 1253 1819 stipendium·

80 1845 138 1904 que
163 1830 321 1906 quotannis
343 1828 522 1909 pendereut3
551 1831 577 1888 si
599 1829 630 1889 id
653 1847 712 1888 non
736 1830 891 1908 iecissent,
918 1827 1004 1907 longe
1028 1831 1065 1888 iis
1088 1829 1253 1889 fraternum

80 2052 109 2105 si
131 2068 196 2105 non
219 2052 438 2121 impetraret:
465 2051 569 2105 wieder
595 2051 640 2106 ein
693 2050 874 2105 vicissent:
893 2049 974 2104 dufiir
993 2050 1069 2104 steht
1085 2057 1107 2118 1,
1123 2056 1175 2105 44?
1193 2052 1253 2106 iibs.

79 2121 204 2191 Beispiel
229 2121 276 2175 fdr
301 2123 325 2176 si
353 2139 421 2187 non,
450 2121 497 2176 ein
523 2122 640 2176 anderes
694 2121 766 2176 nach
785 2138 808 2176 c.
828 2127 844 2174 3
868 2139 902 2174 zu
923 2136 995 2189 quae
1015 2150 1048 2160 -
1068 2122 1253 2190 pertinerent:

80 2209 139 2247 war
157 2209 181 2246 c.
197 2198 229 2246 31
250 2193 386 2258 erwthnt3
408 2191 524 2262 SubJ‘ect
541 2193 570 2247 in
588 2191 640 2255 im7
694 2192 766 2247 auch
791 2191 836 2246 die
862 2190 930 2246 zwei
957 2191 1107 2260 folgenden
1130 2192 1254 2249 Relatis·

77 2265 206 2332 patraret
229 2262 287 2317 ist?
316 2294 349 2302 —
375 2263 412 2317 M.
432 2263 580 2318 Messala
606 2293 639 2303 —-
694 2265 783 2318 satae:
801 2279 871 2332 quos
884 2261 1018 2317 vicissent
1031 2279 1057 2316 u.
1073 2262 1255 2331 quemadmo-

81 2332 293 2388 consulibus:
326 2334 382 2402 vgl.
407 2338 437 2400 4,
462 2341 476 2389 1
510 2333 560 2402 qui
586 2333 641 2388 fuit
694 2333 761 2388 dum
789 2334 907 2401 vellent,
930 2332 1023 2388 iibere.
1048 2332 1137 2387 durch
1161 2333 1253 2389 Subst.

78 2422 169 2458 annus
183 2404 230 2459 Cn.
245 2403 394 2474 Pompeio,
408 2405 445 2458 M.
461 2405 560 2460 Crasso
575 2421 640 2460 con·
694 2437 728 2445 —
747 2405 842 2460 item:
862 2405 977 2472 abenso,
995 2403 1022 2458 d.
1032 2403 1060 2458 h.
1079 2404 1153 2458 nach
1170 2406 1253 2459 eben·

80 2475 203 2542 suiibus3
242 2480 271 2544 5,
306 2481 320 2529 1
358 2476 388 2531 L.
418 2475 555 2544 Domitio,
587 2479 640 2546 Ap.
695 2475 857 2531 demselben
875 2476 989 2530 Rechts.
1010 2506 1043 2514 -
1071 2491 1253 2530 consuesse

80 2544 198 2600 Claudio
231 2546 398 2601 consulibus.
447 2545 580 2616 Collegen
610 2547 641 2600 in
695 2547 786 2601 iubere.
811 2547 884 2601 nach
914 2565 937 2601 c.
964 2552 978 2599 'l
1008 2565 1042 2600 zu
1072 2547 1196 2600 maturat
1220 2577 1254 2585 -

81 2617 172 2671 ciuem
204 2616 288 2673 Amic
319 2618 433 2673 werden
464 2618 641 2688 gewdbnlich
694 2617 840 2686 proficisci.
866 2648 901 2658 —
926 2623 951 2671 2.
977 2617 1063 2685 ipsa:
1089 2634 1110 2671 s.
1134 2633 1156 2669 c.
1181 2623 1197 2670 3
1221 2634 1255 2669 zu

79 2688 152 2742 ohne
179 2688 363 2757 Verbinduug
388 2689 480 2744 neben
509 2689 641 2743 einander
695 2688 764 2757 ipse.
784 2718 817 2728 -
843 2687 878 2741 Si
900 2705 977 2742 non:
1004 2686 1100 2741 merke
1123 2686 1173 2740 das
1193 2686 1254 2741 Bei-

78 2759 204 2828 gesieMi.
234 2758 361 2814 seltener
373 2760 485 2814 werden
499 2760 539 2813 sie
553 2759 641 2813 durch
696 2758 767 2828 spiel
789 2758 835 2812 fiir
858 2759 882 2811 si
903 2774 969 2823 nom
996 2757 1093 2812 weiier
1115 2757 1202 2811 nnien
1224 2756 1254 2810 in

80 2831 110 2882 et
127 2830 297 2884 verbunden.
326 2830 390 2898 Vgl.
405 2846 428 2884 c.
444 2836 459 2883 2
474 2829 512 2882 M.
522 2829 642 2884 Messala
696 2829 857 2883 damselben
867 2827 907 2881 Ca
928 2827 1020 2882 ‚steht
1034 2826 1172 2881 abermals
1186 2826 1255 2882 eine.

79 2900 110 2954 et
127 2900 163 2954 M.
183 2901 285 2954 Pisone
304 2899 471 2954 consulibus.
491 2931 523 2939 -
543 2916 639 2954 sena·
695 2930 728 2939 -
752 2905 776 2952 4.
802 2914 861 2952 suo
881 2846 1040 2952 adventu:
1064 2896 1189 2977 Ariovist
1206 2897 1255 2952 be-

80 2973 134 3024 lus
157 2971 363 3038 censuisset,
382 2973 431 3024 ut:
455 2970 575 3024 beachte
593 2970 639 3025 die
693 2970 847 3036 iflrchtete,
871 2985 900 3022 es
922 2968 1055 3022 mdchten
1079 2967 1124 3021 d1e
1143 2967 1255 3022 Aeduer

78 3038 234 3095 Construci.
253 3056 452 3108 venuensem,
471 3042 511 3094 nt.
543 3041 639 3095 Merke
692 3041 723 3094 in
742 3041 791 3095 der
809 3037 954 3110 Hoffnung
976 3055 1032 3092 uon
1051 3037 1136 3094 (iasar
1155 3039 1255 3093 Unter·

25 3127 29 3136 ·
80 3111 152 3165 auch
172 3111 221 3165 auf
238 3127 349 3167 censere
368 3113 410 3167 als
434 3112 488 3176 den
507 3110 640 3181 eigent·
695 3114 827 3180 stlitzung
850 3128 884 3163 cu
903 3110 1032 3164 erhalten
1055 3108 1099 3165 die
1117 3109 1255 3180 Abgaben

78 3181 198 3236 lichen
216 3181 363 3237 Ausdruolr
381 3183 425 3236 fiir
444 3183 490 3237 die
508 3182 639 3237 Willens·
693 3182 873 3252 verweigern.
890 3211 923 3220 -
943 3181 1001 3251 qui
1016 3211 1048 3220 —
1068 3181 1201 3235 faceret
1218 3180 1255 3236 ist

76 3252 283 3322 entecheidung
310 3254 359 3308 dee
383 3253 495 3321 Sensim
521 3253 568 3307 fiir
594 3252 640 3308 die
695 3251 1254 3308 Causalsaia.——dateriorafaceret:

80 3324 129 3378 des
152 3323 240 3379 Volks
264 3324 341 3395 steht
363 3325 472 3395 jubere.
502 3355 535 3364 -
564 3324 639 3393 qui·
694 3324 857 3378 schmitlern.
882 3354 916 3362 -
941 3327 965 3378 ὅ.
990 3338 1097 3391 neque
1120 3322 1178 3377 iis:
1205 3323 1254 3376 das

79 3411 264 3519 cnmsqpet—
280 3395 467 3520 obtincdret:
482 3395 640 3520 libsdtplrch
693 3411 785 3520 peque
803 3411 854 3449 vor
877 3393 912 3518 {iis
931 3393 970 3448 ist
988 3392 1117 3518 zlgliei⁰h
1129 3391 1255 3518 illerrtllrnl
1338 3408 1342 3417 ·

77 3480 126 3518 ern
165 3484 237 3520 us.
262 3483 384 3536 -quo
432 3491 466 3512 =
490 3483 566 3535 quan
598 3484 639 3519 m:
713 3483 801 3539 unga·
837 3483 876 3518 un
934 3480 1040 3519 correa
1063 3481 1097 3518 ve
1153 3480 1170 3518 a
1229 3480 1244 3517 e

81 3551 111 3588 so
126 3536 184 3589 viel
199 3553 228 3590 er
242 3552 271 3590 es
284 3536 418 3591 mildam
431 3537 576 3592 Vortheile
590 3537 640 3590 des
694 3537 778 3604 „aber
796 3536 914 3591 weder“.
935 3567 968 3574 -
991 3534 1135 3589 iniuria:
1159 3533 1254 3588 merke
1319 3542 1322 3547 ‘

81 3604 192 3660 Staates
214 3606 284 3660 ihnn
306 3606 424 3677 kanna,
449 3607 475 3662 d.
494 3608 522 3661 h.
542 3607 641 3662 soweit
694 3608 748 3661 den
765 3606 830 3661 Abi.
850 3607 900 3660 der
917 3607 970 3660 Ari
993 3605 1051 3659 und
1068 3606 1163 3659 Weise
1182 3605 1254 3658 ohne

80 3692 111 3729 es
129 3675 194 3729 dem
212 3675 397 3731 Staatswohle
416 3677 573 3746 zutrdglich
591 3676 639 3744 sei,
694 3695 770 3744 cum;
803 3678 860 3748 vgl.
890 3695 912 3731 c.
938 3683 974 3730 44
1005 3676 1072 3731 iure.
1103 3707 1136 3715 -
1165 3674 1255 3744 quod
1350 3712 1355 3721 -

79 3745 141 3800 sich
171 3745 224 3801 mit
250 3745 410 3800 damselben
436 3749 576 3816 vestr-lige.
605 3779 638 3788 -
695 3750 926 3803 convenisset:
953 3748 1080 3802 woriiber
1107 3746 1147 3800 sie
1172 3746 1255 3800 iiber·

81 3815 254 3871 commodo
272 3815 391 3872 istAbl.
420 3817 483 3871 Vl.
504 3823 529 3884 5,
548 3822 640 3871 ta-
694 3819 909 3888 eingekommen
932 3823 1033 3872 wilred.
1063 3830 1096 3856 -2
1125 3816 1254 3885 stipan-

82 3905 115 3942 se
134 3904 185 3943 vor
201 3886 361 3942 Aeduorum
380 3886 430 3942 der
446 3835 641 3942 lianthchlreit
694 3889 869 3958 diumque:
895 3889 944 3943 das
962 3888 1140 3943 Verhiiltniss
1164 3887 1254 3941 dieses

80 3958 180 4012 halber
193 3956 364 4012 wiederholt.
380 3989 414 3998 -
428 3975 493 4013 nou
507 3957 639 4027 neglee
695 3957 1255 4030 Saizeszumvorhergehendenisileicht

79 4031 207 4083 iurum:
236 4027 315 4082 nicht
342 4029 513 4084 unbeachiei
539 4029 637 4086 lassen.
694 4029 965 4086 zubesbimmen.-
984 4029 1254 4084 si-fecissenl:

81 4099 145 4168 Vgl.
165 4116 187 4154 c.
208 4104 242 4153 39
261 4117 295 4152 nu
312 4116 369 4154 non
388 4099 573 4155 mediocriter.
695 4099 746 4154 wir
767 4100 840 4154 auch
865 4101 910 4154 ein
936 4101 1051 4155 anderes
1069 4100 1201 4169 Tempus.
1220 4129 1253 4138 -

695 4170 885 4225 fraternum
900 4186 1019 4224 nomen
1035 4197 1068 4216 =
1083 4188 1185 4225 nomen
1198 4170 1255 4223 ira-

117 4240 185 4311 Oap.
204 4247 246 4297 36.
272 4247 296 4296 1.
315 4243 364 4296 ut:
382 4241 500 4297 berchta
519 4243 552 4296 ui
568 4241 642 4296 nach
695 4244 783 4310 trum,
802 4241 862 4296 also
881 4239 926 4294 fiir
946 4240 1052 4295 welche
1071 4241 1255 4311 Eiganthiim·

75 4312 145 4367 dem
170 4310 261 4367 Subst.
288 4313 345 4380 ius;
375 4312 477 4367 ebonso
507 4313 583 4367 steht
610 4330 640 4367 es
695 4312 815 4367 lichkeii
833 4311 882 4366 des
900 4310 1255 4380 Rdm.Sprachgobraucha

76 4383 152 4436 nach
185 4384 355 4439 consuetudo
389 4400 411 4439 c.
440 4389 482 4438 43.
517 4415 549 4423 -
583 4383 643 4453 qui
697 4382 892 4454 eiuBeispieli
906 4380 1278 4447 -tougeasuuums

133 4479 230 4522 carsae
243 4492 276 4522 nr
289 4493 310 4522 s.
326 4492 398 4524 carr.
1052 4471 1074 4516 'b
