2804 4778
152 225 197 290 54
322 264 332 283 ·
557 227 605 281 DE
624 226 742 282 BELLO
762 225 918 281 GALLICO

172 428 175 434 -
241 389 270 454 5.
295 392 401 453 Caesar
428 392 537 453 Remos
565 392 737 454 cohortatus
770 392 991 472 liberaliterque
1019 395 1152 453 oratione
1180 409 1325 470 presecu-
1349 391 1372 402 ”

151 490 201 542 tus
224 499 342 541 omnem
365 490 500 542 senatum
524 481 560 541 ad
584 500 616 541 se
640 484 798 542 convenire
822 484 1050 561 principumque
1070 480 1181 542 liberos
1205 479 1326 541 obsides

152 570 187 630 ad
211 587 243 630 se
266 568 372 631 adduci
393 571 490 630 iussit.
536 569 618 640 Quae
642 572 740 631 omnia
763 569 799 631 ab
826 571 873 630 his
896 570 1053 648 diligenter
1081 569 1117 631 ad
1146 567 1224 629 diem
1248 568 1326 629 iacta

116 650 230 719 22221.
266 657 333 736 lpse
353 657 529 719 Divitiacum
547 657 682 719 heduum
705 676 884 738 magnopere
903 658 1075 719 cohortatus
1098 658 1195 737 docet,
1214 665 1325 736 quanto

151 763 241 824 opere
272 747 317 806 rei
346 745 482 824 public-ae
514 749 739 825 communisque
772 747 875 808 salutis
909 749 1028 807 intersit
1060 764 1166 807 manus
1196 744 1328 807 bostium

151 834 297 916 distineri,
321 853 358 894 ne
382 852 451 894 oum
474 842 555 895 tauta
579 833 768 896 multitudine
792 853 851 896 uno
877 843 1012 914 tempore
1037 833 1257 914 confligendum
1280 835 1327 894 sit.

116 921 184 983 eid
208 923 274 983 fieri
296 916 398 1002 posse}
427 925 452 982 si
481 941 550 984 suas
578 926 677 1003 copias
704 923 800 984 hedui
826 926 857 984 in
886 923 960 984 fines
983 921 1206 983 bellovacorum
1233 923 1327 983 iutro-

152 1010 293 1073 duxerint
315 1019 347 1071 et
368 1027 473 1071 eorum
496 1030 584 1090 agros
605 1011 742 1090 populari
760 1014 923 1090 coeperint.
963 1010 1016 1071 llis
1036 1010 1182 1073 mandatio
1203 1026 1272 1073 eum
1291 1009 1328 1071 ab

116 1106 185 1158 422
217 1099 348 1161 dimittit.
393 1098 554 1178 Postquam
587 1118 689 1163 omues
721 1099 878 1179 Belgarum
911 1102 1011 1179 copias
1044 1102 1074 1160 iu
1102 1117 1197 1161 unum
1227 1099 1328 1161 locum

150 1196 268 1248 coactas
296 1186 332 1248 ad
355 1205 393 1248 se
421 1191 521 1251 venire
547 1189 618 1249 vidit
646 1207 743 1268 neque
772 1191 830 1249 iam
858 1189 944 1266 louge
975 1187 1080 1248 abesse
1109 1187 1145 1248 ab
1174 1189 1225 1267 iis,
1252 1205 1328 1266 quos

152 1278 284 1356 miserat,
303 1275 540 1355 exploratoribus
562 1286 593 1338 et
616 1276 651 1336 ab
670 1277 772 1341 nonus
791 1279 937 1358 cognovit,
955 1276 1067 1337 tlumon
1086 1277 1226 1357 Axonam,
1248 1275 1329 1355 quod

152 1372 198 1424 est
225 1365 256 1424 in
280 1366 420 1425 extremis
448 1364 611 1426 Remorum
638 1364 762 1446 1121222,
789 1368 954 1427 exercitum
982 1364 1139 1426 traducere
1169 1367 1329 1425 maturarit

116 1459 241 1530 eatque
264 1451 305 1512 ibi
329 1460 426 1513 castra
448 1456 555 1531 posuit.
603 1453 684 1524 erae
708 1472 758 1515 res
781 1461 812 1514 et
838 1453 915 1514 latus
943 1471 1036 1515 uuum
1065 1460 1233 1514 castrorum
1255 1455 1329 1532 ripis

150 1540 281 1601 flumims
304 1539 458 1602 muniebat
480 1550 519 1622 et,
540 1551 609 1621 post
632 1560 702 1603 eum
725 1560 799 1621 quae
824 1551 934 1621 essent,
956 1550 1021 1603 tuta
1045 1541 1081 1602 ab
1105 1540 1241 1603 hostibus
1261 1541 1328 1602 red-

151 1627 239 1690 debat
262 1637 301 1709 et,
324 1639 507 1691 commeatus
529 1630 566 1691 ab
584 1630 686 1691 Remis
710 1631 893 1710 reliquisque
918 1629 1086 1691 civitatibus
1108 1637 1141 1691 ut
1160 1631 1224 1691 sine
1248 1631 1329 1709 peri-

115 1725 131 1773 e
151 1716 218 1776 culo
241 1717 278 1778 ad
302 1736 371 1779 eum
394 1721 506 1796 portari
528 1726 666 1799 possent,
689 1719 844 1779 efficiebat.
890 1719 924 1780 ln
948 1737 983 1780 eo
1007 1718 1129 1779 flumine
1151 1735 1228 1796 pons
1251 1727 1327 1778 erat.

149 1803 195 1865 lbi
217 1805 398 1884 praesidium
421 1809 506 1886 ponit
527 1815 558 1867 et
582 1809 612 1868 in
636 1807 728 1868 altera
751 1815 835 1886 parte
858 1807 989 1869 fluminis
1012 1806 1156 1877 Quintum
1174 1805 1327 1870 Titurium

150 1893 293 1955 Sabinum
312 1895 441 1973 legatum
456 1913 524 1956 cum
539 1913 591 1957 ser
606 1895 778 1957 cohortibus
798 1895 952 1976 relinquit;
974 1904 1070 1956 castra
1089 1897 1121 1956 iu
1140 1893 1329 1958 altitudinem

148 1982 258 2062 pedum
282 1982 439 2044 duodecim
463 1984 537 2045 vallo
567 1985 705 2063 fossaque
729 1984 932 2064 duodevtgimt
954 1983 1066 2064 pedum
1090 1984 1208 2043 munire
1231 1981 1325 2048 lubet.

149 2187 274 2243 dazuist
287 2206 316 2243 se
331 2188 455 2259 subject,
469 2189 527 2243 und
541 2189 591 2244 der
605 2191 668 2244 Aee.
684 2206 707 2245 e.
763 2190 893 2245 flumen
925 2221 958 2229 -
988 2188 1180 2244 exereitum
1206 2187 1327 2243 tradu-

148 2259 200 2313 Inf.
220 2259 365 2328 abbiingig
386 2275 442 2314 von
466 2260 547 2314 Remi
569 2259 709 2315 dicebant.
764 2276 857 2315 cere:
876 2259 1061 2328 2.1,1222(1
1079 2266 1104 2328 2,
1119 2265 1144 2313 4.
1159 2289 1195 2299 -
1213 2261 1329 2315 extre-

185 2328 709 2398 02221.22222222222222Τ2222
762 2331 837 2386 mis:
868 2350 888 2386 s.
915 2338 944 2398 1,
968 2337 1001 2385 22
1026 2349 1061 2384 22
1084 2329 1178 2401 prima
1197 2329 1269 2385 luce.
1294 2360 1329 2369 -

149 2399 179 2453 12
202 2399 252 2454 (122
279 2400 455 2455 2221222222
479 2399 649 2470 Gesinnung.
675 2432 708 2442 -
763 2402 954 2456 maturavit
981 2403 1071 2457 libers.
1099 2400 1173 2455 nach
1199 2407 1229 2466 1,
1256 2406 1271 2454 'l
1295 2419 1331 2456 22

148 2469 348 2525 liberaliter
376 2487 415 2524 22
444 2502 479 2510 -
506 2473 709 2540 prosecutus
762 2474 895 2527 maturat.
922 2503 955 2514 -—
981 2474 1096 2527 222222
1120 2470 1251 2540 potuita
1282 2472 1334 2529 auf

149 2540 238 2595 heisst
256 2541 365 2596 wbrtlio
389 2541 596 2596 tfreundlicbe
611 2542 709 2598 Worte
764 2542 829 2598 dem
855 2543 1020 2598 nordliehen
1045 2542 1113 2598 Uier
1140 2541 1190 2597 der
1219 2541 1327 2598 22222.

149 2629 184 2664 22
201 2611 288 2666 ihnen
311 2612 485 2682 gesproohen
507 2613 598 2678 batte3
622 2614 708 2682 vergi
764 2612 1022 2682 „Wahrsoheinlich
1054 2614 1140 2671 nahm
1167 2611 1253 2667 (12222
1281 2614 1328 2668 bei

148 2687 179 2748 4,
200 2688 232 2738 18
257 2681 358 2752 quibus
380 2699 480 2752 pacem
504 2685 590 2752 atque
614 2683 709 2739 amici·
763 2684 828 2738 dem
846 2684 979 2755 heutigen
996 2681 1234 2754 carry-aunon,
1253 2685 1329 2740 etue

147 2752 399 2823 competentibus
421 2753 578 2809 liberaliter
596 2771 709 2824 respon-
763 2754 943 2826 218222222
966 2755 1068 2810 batlioh
1090 2771 1146 2811 von
1170 2752 1329 2809 Beaurieux

148 2823 204 2890 dit,
231 2825 288 2894 gab
318 2825 380 2880 2122
407 2824 594 2893 heundliehe,
622 2825 708 2881 wohl·
764 2825 919 2896 Stellung.“
942 2858 975 2866 -
996 2833 1020 2880 5.
1046 2825 1137 2891 Quae
1156 2842 1223 2880 ree:
1252 2824 1330 2891 disse

147 2894 285 2950 wollende
313 2895 450 2950 Antwort
475 2925 511 2940 -
538 2897 579 2951 ad
607 2896 707 2951 diem:
762 2895 926 2966 Massregel,
946 2896 1036 2952 dieses
1054 2895 1223 2961 Venatum,
1252 2894 1330 2951 diese

147 2966 198 3020 221
219 2965 273 3020 den
296 2966 500 3038 (bestimmten)
524 2967 597 3035 Tag;
624 2966 708 3023 cosor
763 2966 1330 3037 Stellung;ribs.aberpassiv.-munie·

149 3036 256 3105 sprioht
281 3037 367 3092 1112222
393 3052 432 3104 22,
458 3057 480 3091 a.
499 3038 530 3092 B.
559 3045 584 3106 t,
604 3044 636 3092 tt
664 3054 711 3103 22,
764 3037 1330 3110 2222.(1122221222122222122222221222

147 3107 225 3174 quod
252 3107 289 3161 ad
315 3107 390 3161 diem
417 3123 473 3162 non
499 3110 652 3174 venerunt,
675 3109 710 3163 de
764 3108 963 3178 inBeaiehung
977 3108 1085 3164 auidis
1102 3108 1198 3165 Dauer
1212 3107 1261 3163 des
1276 3108 1329 3163 La-

150 3193 248 3231 eorum
260 3177 316 3232 fide
332 3177 546 3246 constantiaque
555 3179 709 3233 dubitatis?
765 3195 834 3247 gers.
846 3183 968 3248 -post
982 3196 1070 3235 eum:
1084 3179 1155 3235 tiber
1164 3177 1330 3250 diltellung

150 3246 320 3314 5‚1anaar
338 3247 449 3303 obsides
467 3248 589 3317 imperat
608 3265 709 3317 eosque
765 3250 856 3304 dieser
865 3250 963 3306 Worte
977 3250 1035 3304 und
1054 3251 1103 3304 des
1121 3248 1275 3319 folgenden
1290 3252 1330 3303 22

148 3317 185 3372 ad
204 3319 310 3373 certam
328 3316 401 3372 diem
424 3318 525 3372 adduci
548 3320 633 3375 iubet.
673 3320 710 3374 lis
766 3320 961 3385 2122222122
975 3321 1023 3377 vix
1036 3337 1144 3390 qua-
1159 3322 1238 3390 post
1254 3335 1331 3377 2222

148 3388 185 3442 ad
203 3387 278 3443 diem
296 3387 440 3456 adductis,
464 3392 496 3445 ut
513 3388 709 3458 imperaverat,
765 3407 854 3458 quae
882 3394 1000 3446 essent·
1026 3391 1138 3448 euthalt
1165 3390 1211 3445 ein
1233 3389 1330 3449 Sabat

150 3458 270 3513 arbitros
287 3458 361 3514 inter
377 3458 507 3514 civitates
526 3461 584 3516 dat.
611 3461 711 3514 112221-
768 3461 825 3515 Der
839 3460 916 3530 Conj.
931 3463 969 3516 ist
982 3465 1097 3531 gesetzt
1111 3461 1177 3517 weil
1195 3460 1245 3515 der
1260 3459 1329 3517 Sata

148 3546 216 3599 gens
239 3530 331 3584 tibere.
350 3529 405 3584 den
423 3529 487 3584 Sata
514 3531 657 3586 activisch.
677 3561 710 3570 -
766 3531 819 3585 den
843 3531 997 3587 Gedanken
1019 3533 1068 3591 (122
1097 3531 1331 3587 erabhlenden

148 3606 174 3654 2.
193 3599 244 3654 221
262 3599 436 3670 publicae:
464 3602 588 3656 niimlich
606 3602 711 3656 Roma·
766 3602 983 3657 Schriftstellers
998 3603 1116 3658 enthitlt.
1131 3603 1237 3659 Datum
1251 3602 1331 3659 kann

147 3671 507 3796 pae,Arppldecomplnralpeis
530 3673 654 3797 beaieshe1
664 3673 714 3728 aui
766 3689 796 3728 22
809 3674 882 3798 atbucp
897 3674 1150 3799 euff’ffussfssffl
1163 3689 1193 3727 22
1208 3672 1329 3801 bpisagp.

167 3759 193 3796 22
283 3759 333 3797 22
360 3759 398 3797 22
483 3759 549 3798 mer.
618 3760 711 3798 oann
766 3775 799 3783 —-
837 3761 931 3800 222
999 3761 1067 3800 222
1097 3759 1264 3801 uszmere
1315 3762 1331 3800 2

148 3813 244 3868 merke
258 3813 310 3868 auf
320 3813 375 3868 den
385 3812 453 3869 Gan.
465 3814 619 3868 communis
634 3815 709 3868 salu·
764 3814 924 3879 ,0222222222
943 3832 998 3870 von
1017 3816 1095 3870 22222
1114 3814 1167 3869 mit
1190 3813 1241 3880 ab;
1265 3813 1330 3869 wir:

147 3883 198 3949 tis,
217 3884 307 3940 wotur
325 3899 404 3950 man,
424 3884 489 3938 weil
507 3885 709 3941 incommunis
764 3903 863 3955 gagen.
880 3915 912 3926 ·—
928 3893 952 3940 6.
967 3887 1001 3941 12
1015 3886 1129 3940 altera
1147 3887 1246 3954 parte
1264 3884 1330 3941 flu·

148 3955 245 4010 salutis
277 3955 327 4010 der
357 3954 457 4009 Zweck
490 3957 636 4011 enthalten
663 3956 709 4023 ist,
764 3957 879 4011 minis:
899 3957 926 4011 d.
945 3956 963 4010 i.
984 3956 1034 4011 221
1050 3956 1115 4010 dem
1134 3955 1232 4010 linkeu
1250 3955 1329 4011 Uter.

147 4041 227 4080 wozu
246 4043 283 4083 an
301 4025 352 4080 der
366 4025 520 4096 Trennung
537 4027 587 4081 der
605 4025 710 4081 Feinde
765 4057 798 4067 -
818 4026 1068 4096 duodeviginti
1086 4027 1225 4096 pedum:
1249 4031 1330 4082 2222-

148 4095 267 4166 gelegen
284 4097 335 4164 ist,
354 4095 400 4150 die
419 4098 533 4166 Prbpoa.
554 4097 590 4152 ad
608 4113 709 4151 erwar-
764 4097 822 4152 lioh
846 4097 933 4151 breite
960 4115 996 4152 an
1022 4099 1068 4153 die
1091 4098 1197 4165 Breite‚
1225 4096 1268 4152 eto
1292 4114 1332 4153 an

147 4168 214 4221 tete.
234 4198 268 4207 -
287 4166 459 4222 distineri
477 4168 537 4222 ribs.
557 4168 630 4222 nach
649 4174 674 4235 2,
695 4173 708 4220 1
765 4167 811 4222 die
838 4168 1019 4223 wesentliohe
1042 4166 1229 4238 Iligensohaft
1252 4168 1332 4225 eines

147 4254 181 4290 22
193 4237 312 4292 uersari.
333 4268 366 4278 -
387 4245 412 4292 3.
432 4239 473 4292 ab
493 4255 539 4292 se:
559 4244 656 4306 2.1,2
677 4256 711 4291 22
766 4237 1082 4309 Befeatigungsgrabens
1106 4239 1146 4294 ist
1170 4239 1270 4293 immet
1294 4256 1333 4295 22

146 4305 287 4363 inductus.
301 4337 336 4346 -
349 4314 375 4362 4.
390 4308 493 4362 vidit:
508 4309 609 4378 gehdrt
622 4309 710 4376 batte,
765 4308 890 4376 (122222,
914 4326 997 4364 werin
1016 4309 1060 4364 die
1079 4308 1159 4364 Γ11212
1178 4308 1333 4367 cuadrnok-

132 4375 209 4426 auob
243 4376 332 4430 durch
367 4377 415 4432 die
444 4379 646 4449 exploratores,
677 4410 710 4418 —
765 4380 824 4434 lieh
846 4379 925 4434 nicht
948 4381 1112 4451 angegeben
1134 4380 1181 4435 122.
1202 4410 1235 4421 -
1261 4386 1333 4437 rnu-
