2804 4778
511 211 579 266 ΜΒ.
599 213 620 268 1.
649 212 861 269 carm-41.
1024 242 1025 246 =
1230 211 1272 276 39

98 381 227 459 Leucos,
255 378 404 457 Lingones
437 375 677 457 subministrare,
709 379 825 456 iamque
859 397 924 438 esse
955 380 986 437 in
1015 379 1093 456 agris
1124 379 1272 440 frumenta

99 477 227 548 matura3
251 467 287 527 de
306 468 414 526 itinere
432 467 519 544 ipsos.
537 465 620 526 brevi
639 474 772 544 tempore
791 467 983 526 iudicaturos
1024 466 1110 536 Quod
1128 485 1189 527 non
1208 467 1272 529 fore
1292 479 1324 526 12

98 558 179 618 dicto
203 554 358 623 audientes
387 572 484 632 neque
515 555 598 632 signa
625 553 715 614 laturi
742 554 892 634 dicantur,
922 554 995 614 nihil
1023 573 1054 614 se
1079 573 1113 614 ea
1136 574 1169 615 re
1194 573 1272 616 com·

47 706 50 710 ,
100 647 225 706 moveri:
258 646 336 703 scire
368 644 461 722 enim,
494 641 731 720 quibuscumque
765 644 914 702 exercitus
944 642 1023 702 dicto
1057 642 1179 703 audiens
1213 662 1273 704 non

97 735 203 813 fuerit,
231 739 282 792 aut
310 731 384 792 male
413 749 446 790 re
474 738 556 809 gesta
587 731 736 791 fortunam
765 729 909 811 defuisse,
937 738 988 791 aut
1015 731 1113 809 aliquo
1141 733 1272 793 facinore

97 824 252 900 comperto
272 821 421 880 avaritiam
441 836 506 879 esse
526 820 705 879 convictam:
724 837 806 879 suam
825 821 1026 880 innocentiam
1044 827 1188 898 perpetua
1206 821 1273 901 vita,
1293 832 1326 880 13

99 910 270 970 felicitatem
293 907 497 967 Helvetiorum
522 906 598 967 bello
623 925 689 967 esse
712 915 909 986 perspectam.
948 907 1051 986 ltaque
1075 926 1116 987 se,
1140 907 1219 985 quod
1242 910 1274 968 in
1294 921 1327 968 14

41 1060 46 1072 ,
99 995 264 1077 longiorem
296 996 375 1056 diem
407 995 568 1056 collaturus
601 996 720 1075 fuisset,
750 1003 1045 1074 repraesentaturum
1079 1003 1108 1055 et
1140 999 1274 1074 proxima

53 1146 56 1152 ,
99 1095 186 1146 nocte
211 1086 247 1145 de
276 1093 381 1163 quarta
408 1083 505 1162 vigilia
536 1092 632 1144 castra
660 1091 825 1164 moturum,
853 1091 888 1144 ut
914 1101 1002 1162 quam
1030 1085 1160 1162 primum
1188 1085 1272 1145 intel-

98 1174 197 1253 legere
230 1181 345 1252 possct,
377 1180 477 1232 utrum
506 1171 584 1250 apud
617 1190 668 1231 eos
700 1172 797 1250 pudor
824 1180 913 1250 atque
944 1173 1088 1251 officium,
1118 1190 1155 1231 an
1185 1175 1273 1233 timor

98 1263 216 1332 valeret.
264 1259 350 1331 Quod
382 1263 408 1320 si
434 1267 588 1339 praeterea
621 1278 707 1320 nemo
736 1269 892 1345 sequatur,
925 1268 1024 1320 tamen
1056 1279 1087 1319 se
1116 1278 1184 1321 cum
1213 1261 1273 1321 sola
1294 1273 1326 1323 15

97 1351 212 1410 decima
235 1349 352 1428 legione
375 1351 501 1428 iturum,
529 1348 565 1408 de
590 1366 648 1426 qua
679 1367 736 1408 non
761 1347 924 1428 dubitaret,
955 1346 1071 1426 sibique
1102 1367 1171 1411 eam.
1188 1367 1273 1428 prae·

99 1440 205 1499 toriam
229 1437 382 1498 cohortem
405 1437 545 1497 futuram.
586 1436 663 1497 Huic
687 1437 796 1516 legioni
817 1435 925 1497 Caesar
949 1444 979 1496 et
1001 1436 1167 1498 indulserat
1189 1456 1281 1520 prae-⁴

98 1529 186 1606 cipue
211 1534 240 1586 et
263 1534 387 1605 propter
410 1527 550 1585 virtutem
574 1524 740 1585 confidebat
765 1527 900 1585 maxime.

187 1612 240 1675 41.
270 1612 331 1673 Hac
365 1615 497 1674 oratione
525 1612 625 1674 habita
659 1615 769 1673 mirum
796 1615 826 1672 in
860 1612 981 1672 modum
1012 1630 1171 1673 conversae
1204 1623 1275 1675 sunt

99 1706 232 1764 omnium
255 1709 381 1782 mentes,
404 1720 577 1780 summaque
602 1701 737 1762 alacritas
761 1710 791 1761 ct
818 1701 964 1779 cupiditas
991 1700 1062 1761 belli
1084 1702 1207 1779 gerendi
1230 1704 1273 1763 in-

100 1800 168 1852 nata
191 1799 245 1871 est,
268 1791 467 1868 princepsque
492 1790 606 1850 decima
628 1790 704 1868 legio
727 1808 782 1868 per
806 1788 943 1850 tribunos
967 1789 1094 1849 militum
1114 1793 1142 1850 ei
1165 1793 1274 1868 gratias
1293 1803 1309 1852 2

99 1882 169 1960 egit,
193 1878 272 1957 quod
296 1879 332 1938 de
356 1897 388 1938 se
412 1879 557 1956 optimum
580 1877 723 1938 iudicium
747 1878 876 1957 lecisset,
900 1896 991 1955 seque
1016 1895 1081 1937 esse
1104 1879 1140 1938 ad
1164 1878 1274 1939 bellum

98 1966 262 2046 gerendum
304 1968 521 2045 paratissimam
563 1965 755 2026 confirmavit.
814 1965 926 2026 Deinde
968 1964 1099 2043 reliquae
1142 1966 1308 2047 legionesa

97 2173 192 2241 ipsos
216 2170 254 2224 ist
278 2170 543 2238 entgegengesetzt?
563 2201 596 2207 -
618 2176 658 2223 12.

97 2242 193 2308 Quod
220 2270 252 2281 -
279 2239 450 2294 dicantur:
479 2238 555 2293 siche
582 2257 605 2296 c.
627 2246 660 2294 14

99 2312 175 2381 quod
195 2341 228 2351 -
248 2309 447 2381 gloriarentur3
472 2310 576 2366 iibere:
600 2328 658 2366 was

99 2384 144 2438 die
159 2383 284 2449 Aussage
298 2380 422 2435 hetreffe.
438 2411 471 2419 -—
487 2381 589 2436 nihil:
609 2398 660 2451 gar

96 2454 185 2508 nicht.
201 2483 234 2492 -
254 2450 462 2506 commoveri
479 2452 570 2506 iibere.
590 2451 658 2507 acti·

98 2522 660 2593 visch.—quibuscumqueabhtngig

97 2613 153 2650 von
176 2595 252 2649 dicto
271 2593 395 2665 audiens.
415 2625 448 2633 —
472 2595 532 2648 aut
550 2625 583 2634 -
603 2594 659 2648 de·

97 2666 219 2721 fuisse:
244 2665 293 2718 das
312 2664 468 2719 Pronomen
487 2664 659 2719 demonstra·

97 2739 189 2792 tivum
207 2735 280 2790 nach
298 2751 593 2805 vorausgegangenem
606 2736 659 2790 Re-

98 2807 169 2862 lativ
184 2806 255 2860 fehlt
273 2806 348 2860 daun
362 2805 392 2859 in
407 2806 456 2860 der
465 2805 563 2874 Regel,
578 2823 660 2860 wenn

99 2878 180 2933 beide
214 2879 243 2930 in
276 2877 413 2944 gleichem
442 2874 529 2930 Casus
562 2876 660 2930 stehen

98 2949 224 3004 wiirden.
259 2946 355 3015 Vergl.
379 2965 403 2999 u.
422 2946 453 2999 B.
473 2963 495 3001 c.
515 2951 550 2999 44
576 2962 660 3014 quae-

97 3017 312 3144 cantitata
325 3015 659 3156 attentantem

100 3193 133 3201 -
166 3159 254 3214 male
286 3175 321 3213 re
353 3160 465 3227 gesta:
502 3156 549 3212 bei
579 3158 661 3212 ihren

100 3228 447 3299 schlechtenErfolgen.—
458 3228 659 3284 avaritiam:

98 3307 218 3372 erganzc
251 3317 356 3355 eorum.
385 3331 418 3339 -
452 3299 659 3355 convictam:

98 3371 329 3441 unwiderleglich
357 3371 520 3441 dargethan.
550 3403 583 3410 -
618 3376 659 3424 13.

99 3459 192 3497 suam
209 3443 266 3497 het.
286 3473 319 3481 —
338 3441 585 3510 innocentiam,
611 3441 661 3495 der

98 3513 219 3568 avaritia
233 3513 491 3582 entgegengesetzt‚
507 3512 611 3567 heisst?
626 3543 660 3552 -

99 3584 269 3652 perpetua
286 3583 372 3636 vita:
392 3601 426 3636 zu
441 3583 521 3652 jeder
535 3582 596 3637 Zeit
609 3583 661 3637 sei·

100 3671 149 3707 nec
168 3653 285 3708 Lebens.
304 3683 340 3692 ·—
357 3652 581 3706 felicitatem:
601 3671 622 3707 s.
637 3671 660 3709 c.

102 3731 135 3778 18
160 3742 194 3778 zu
217 3722 315 3777 concil.
342 3724 395 3777 etc.
419 3753 452 3762 -
476 3723 660 3778 Helvetio-

99 3813 183 3848 rum:
202 3812 222 3848 s.
244 3810 266 3848 c.
282 3799 297 3846 2
313 3811 347 3847 nn
366 3793 520 3862 cupiditate
538 3794 618 3862 regni
636 3810 661 3848 a.

100 3897 134 3906 —-
155 3871 196 3920 14.
220 3864 254 3918 in
276 3863 471 3933 longiorem
489 3863 589 3918 diem:
613 3864 664 3918 auf

100 3938 161 3991 eine
182 3937 292 4005 spatere
313 3935 382 3990 Zeit.
403 3966 436 3974 —
460 3951 661 4004 repraesen-

99 4010 265 4062 taturum:
290 4006 358 4075 elge
386 4006 478 4060 werde
503 4023 533 4060 er
556 4022 660 4077 gegen·

100 4077 182 4133 marti
216 4077 348 4145 macheu,
367 4077 393 4131 d.
408 4077 434 4130 h.
451 4076 562 4131 alsbald
579 4078 659 4146 thuri,

99 4097 326 4217 beschieunigen.
347 4179 380 4186 —
404 4147 444 4202 dc
463 4150 588 4217 quarta
612 4148 660 4203 vi·

100 4218 200 4290 gilio:
221 4238 242 4274 s.
258 4235 280 4274 c.
294 4224 325 4272 12
345 4237 378 4272 au
396 4218 431 4272 de
449 4218 535 4273 tertia
552 4217 659 4288 vigilia.

101 4321 134 4329 -
158 4293 192 4346 et
214 4321 250 4331 -
272 4291 453 4342 moturum:
481 4289 601 4344 welches
624 4288 661 4344 ist

101 4361 151 4415 das
166 4359 355 4416 *Verhltltniss
388 4359 478 4414 dieses
507 4358 601 4414 Satzes
628 4378 660 4413 zu

713 2171 777 2223 dem
802 2168 1071 2237 vorhergehenden?
1114 2172 1194 2226 Auch
1220 2189 1274 2239 que

713 2240 776 2310 fiigt
803 2238 982 2309 dergleichen
1010 2239 1090 2296 sacre
1118 2259 1166 2308 an;
1200 2260 1220 2297 s.
1250 2259 1273 2298 c.

714 2318 748 2366 36
777 2309 1010 2380 stipendiumque.
1041 2343 1074 2351 —
1103 2312 1272 2383 officinm:

712 2381 920 2451 Pflichtgeftihl.
929 2412 963 2420 —
976 2381 1123 2438 valeret:
1134 2384 1179 2438 die
1190 2383 1275 2438 Ober-

713 2453 789 2506 hend
817 2453 910 2520 hatte,
939 2452 1096 2524 m‘achtiger
1118 2454 1215 2509 wirke.
1240 2484 1273 2494 -

715 2529 756 2577 15.
781 2528 945 2594 sequatur
963 2554 996 2563 -
1017 2524 1194 2607 dupitaret
1216 2525 1274 2581 bie·

712 2596 756 2648 tet
774 2593 820 2648 ein
837 2594 958 2662 Beispiel
976 2613 1025 2648 zur
1042 2595 1133 2651 Lehre
1152 2613 1206 2651 von
1226 2595 1275 2651 der

714 2664 878 2719 Consecutio
901 2666 1068 2733 temporum.
1092 2697 1126 2706 -
1155 2667 1274 2722 cohor-

713 2737 780 2789 tem
799 2734 1024 2804 praetoriam:
1039 2735 1218 2804 Leihwache;
1235 2736 1273 2791 sie

713 2805 808 2860 warde
827 2804 953 2873 gebildet
971 2822 1021 2858 aus
1040 2806 1095 2860 den
1108 2806 1274 2875 Taptersten

714 2877 763 2930 der
781 2877 898 2942 Amce,
917 2874 957 2930 sie
976 2876 1104 2930 cchfitzte
1123 2878 1172 2932 des
1192 2878 1274 2932 Feld·

713 2947 797 3000 herm
816 2946 920 3000 Person
943 2945 1001 2999 und
1025 2946 1120 3001 erfuhr
1142 2964 1197 3001 von
1216 2946 1274 3003 die·

714 3034 773 3072 sem
791 3017 908 3070 manche
923 3015 1144 3087 Auszeichnung.
1155 3050 1188 3057 -
1200 3035 1273 3073 con·

713 3086 860 3149 fidebat:
880 3086 1018 3142 confidere
1033 3088 1110 3143 steht
1123 3088 1176 3142 mit
1190 3088 1273 3143 Dativ

713 3158 760 3212 bei
778 3159 919 3213 Personen
937 3158 995 3212 und
1015 3158 1062 3212 bei
1080 3159 1275 3229 personlichen

713 3229 866 3298 Begriffen‚
890 3228 943 3283 mit
960 3228 1023 3283 Abl.
1048 3229 1095 3284 bci
1113 3231 1275 3286 sachlichen

713 3299 866 3370 Begriffen3
875 3299 954 3369 jones
963 3298 1040 3353 bed:
1052 3299 1274 3359 scinVertranen

714 3371 867 3436 schenken,
887 3370 977 3424 dieses
997 3370 1055 3424 sein
1070 3371 1160 3427 Vertr.
1180 3374 1275 3427 setzen

714 3441 758 3509 in,
775 3442 867 3495 bauer
881 3441 937 3495 auf.
954 3472 987 3481 -
1001 3442 1144 3497 maxime
1163 3444 1274 3511 botone,

715 3531 735 3568 s.
751 3529 773 3568 c.
789 3518 805 3565 2
824 3530 858 3566 zu
877 3509 953 3580 apud
970 3511 1115 3567 Helvetios
1135 3543 1169 3552 -
1188 3513 1275 3583 Orge-

715 3583 796 3637 torix.
1271 3593 1274 3597 ’

752 3651 817 3721 Cap.
837 3658 880 3707 41.
906 3659 929 3707 1.
948 3652 1018 3707 Hac
1038 3653 1193 3708 oratione
1216 3654 1274 3708 ha·

715 3723 789 3777 bita
806 3723 896 3778 fibers.
913 3723 1054 3778 entweder
1071 3724 1144 3778 nach
1163 3741 1185 3779 c.
1206 3731 1221 3779 3
1241 3743 1275 3778 zu

716 3811 806 3919 regrpp
817 3796 954 3918 occnppto
969 3810 992 3849 c.
1007 3794 1105 3917 undlid.
1121 3794 1189 3918 pdep
1203 3795 1276 3848 nach

716 3882 739 3919 c.
838 3883 872 3919 zu
925 3881 957 3919 oc
989 3881 1056 3933 prce
1079 3880 1095 3918 o
1139 3881 1211 3919 aco.
1241 3895 1274 3904 -

715 3936 837 3990 mirum
860 3935 894 3989 in
919 3936 1064 3989 modum:
1093 3952 1115 3988 s.
1139 3951 1161 3988 c.
1184 3939 1216 3988 10
1240 3954 1276 3990 au

713 4022 815 4076 magno
835 4023 898 4060 cum
917 4005 1051 4074 periculo.
1076 4036 1109 4043 -
1134 4022 1275 4059 conver-

714 4093 785 4132 saez
813 4076 1030 4147 umgewandelt.
1057 4106 1090 4114 -
1119 4076 1274 4146 gerendi:

714 4166 735 4202 s.
760 4149 828 4202 iiber
851 4145 967 4216 gerendi
989 4145 1047 4200 und
1070 4145 1120 4201 das
1143 4145 1275 4216 folgende

715 4219 868 4289 gerendum
887 4235 909 4272 c.
930 4223 946 4269 2
965 4235 999 4270 zu
1018 4216 1155 4272 inductus.
1177 4248 1210 4257 -
1229 4217 1275 4271 in·

715 4291 795 4342 nata
814 4288 878 4341 est:
899 4286 981 4341 daftir
996 4287 1072 4343 steht
1091 4305 1112 4342 c.
1128 4294 1162 4344 46
1177 4287 1274 4343 Euda?

717 4390 749 4397 —
779 4365 804 4412 2.
833 4357 1061 4413 confirmauit
1084 4360 1184 4412 inhers.
1205 4360 1292 4407 nats
