2804 4778
466 241 535 297 LIB.
555 240 628 296 Vni.
657 240 733 297 CAP.
755 247 832 296 1-4.
1168 239 1234 305 269

60 409 168 469 iuerat.
212 407 294 467 Binis
318 406 491 468 cohortibus
513 407 550 466 ad
579 407 789 486 impedimenta
817 407 926 467 tuenda
949 407 1062 468 relictis
1084 406 1270 485 reliquumn

61 498 227 557 exercitum
259 498 291 555 in
323 497 544 574 copiosissimos
580 513 668 573 agros
699 495 866 574 Biturigum
902 494 1030 575 inducit,
1068 498 1133 574 qui,
1166 514 1235 556 cum

61 583 137 645 latos
163 585 238 644 nnes
266 593 296 645 et
324 583 476 663 complura
506 584 612 662 oppida
643 583 802 664 haberent,
830 585 919 643 unius
947 583 1072 662 legionis
1101 583 1235 644 bibernis

61 692 122 733 non
154 675 307 751 potuerint
339 674 500 752 contineri,
537 674 608 751 quin
639 671 751 732 bellum
783 680 923 750 pararent
956 674 1234 751 coniurationesque

61 762 204 822 lacerent.

151 847 181 910 3.
201 849 368 928 Repentino
388 849 515 910 adventu
535 848 670 910 Caesaris
688 849 802 922 accidit,
822 848 901 927 qnod
919 850 1070 927 imparatis
1090 849 1235 909 disiectis-

60 956 120 1016 que
144 938 279 998 accidere
302 939 359 998 luit
382 956 518 1018 necesse,
542 945 576 997 ut
599 940 663 998 sine
686 940 793 998 timore
817 936 876 998 nllo
900 954 970 997 rura
994 936 1126 998 colentes
1150 940 1234 1015 prius

59 1026 97 1086 ab
113 1029 247 1104 equitatu
261 1029 512 1106 opprimerentur,
527 1044 615 1104 quam
629 1028 791 1104 confugere
810 1028 841 1086 in
860 1025 967 1105 oppida
990 1032 1121 1104 possent.
1149 1025 1235 1086 Nam·
1254 1036 1270 1084 n

59 1133 120 1193 que
149 1118 237 1175 etiam
265 1114 338 1176 illud
364 1115 484 1193 vulgare
511 1117 691 1176 incursionis
719 1114 848 1175 hostium
874 1117 1003 1194 signum,
1027 1114 1106 1192 quod
1135 1116 1235 1174 incen-

59 1203 119 1263 diis
142 1203 344 1264 aedificiorum
367 1203 499 1282 intellegi
522 1205 689 1281 consucvit,
713 1202 847 1263 Caesaris
871 1209 935 1263 erat
957 1202 1115 1263 interdicto
1140 1202 1235 1262 subla·

61 1301 140 1373 tum,
168 1310 205 1351 ne
229 1300 280 1352 aut
307 1294 391 1371 copia
419 1291 519 1370 pabuli
546 1293 762 1373 frumentique,
790 1294 816 1350 si
838 1290 956 1369 longius
978 1291 1118 1369 progredi
1141 1290 1238 1369 vellet,

62 1380 255 1461 deficeretur,
278 1389 329 1441 aut
351 1380 453 1441 hostes
476 1381 622 1441 incendiis
640 1387 837 1440 terrerentur.
869 1378 969 1439 Multis
988 1378 1142 1439 bominum
1161 1378 1235 1438 rnili-
1255 1390 1271 1437 3

61 1468 119 1529 bus
150 1472 243 1548 captis
273 1471 427 1548 perterriti
455 1469 618 1548 Bituriges,
648 1470 700 1547 qui
729 1471 859 1547 primum
889 1467 1047 1527 adventum
1076 1476 1237 1546 potuerant

62 1559 195 1636 effugere
221 1557 437 1637 Romanorum,
467 1560 498 1618 in
528 1559 667 1617 finitimus
698 1559 831 1617 civitates
861 1564 912 1616 aut
946 1557 1068 1634 privatis
1100 1556 1237 1634 hospitiis

63 1647 168 1706 contisi
196 1654 247 1706 ant
275 1649 416 1706 societate
444 1646 637 1707 consiliorum
660 1646 865 1724 confugerant.
909 1642 1047 1704 Frustra:
1074 1662 1143 1704 nam
1167 1643 1273 1704 Cae-4

63 1752 112 1794 sar
140 1736 254 1812 magnis
280 1734 439 1795 itineribus
466 1735 604 1795 omnibus
633 1733 708 1794 locis
735 1736 867 1794 occurrit
895 1751 950 1793 nec
974 1732 1023 1793 dat
1046 1731 1099 1793 ulli
1127 1735 1238 1792 civitati

63 1825 193 1902 spatium
217 1821 254 1881 de
278 1821 372 1883 aliena
394 1825 495 1901 potius
518 1841 606 1901 quam
629 1822 667 1882 de
691 1822 852 1882 domestica
877 1821 974 1881 salute
995 1821 1156 1902 cogitandi,
1180 1839 1237 1899 qua

64 1911 218 1972 celeritate
242 1917 273 1969 et
296 1909 399 1971 fideles
417 1914 527 1971 amicos
551 1908 700 1970 retinebat
723 1919 753 1970 et
775 1909 945 1970 dubitantes
968 1917 1086 1968 terrore
1109 1908 1144 1968 ad
1168 1927 1236 1968 con·

63 2001 197 2059 diciones
220 2000 301 2076 pacis
324 1998 497 2074 adducebat.
529 1998 593 2058 Tali
617 1997 790 2058 condicione
814 2000 966 2076 proposita
988 1996 1147 2077 Bituriges
1170 2007 1274 2057 cumo

64 2088 122 2148 sibi
144 2088 280 2148 viderent
303 2085 459 2148 clementia
483 2086 617 2147 Caesaris
644 2085 774 2146 reditum
801 2094 904 2164 patere
932 2087 963 2145 in
992 2086 1056 2145 eius
1080 2087 1239 2145 amicitiam

64 2178 264 2254 finitimasque
285 2178 418 2236 civitates
438 2177 502 2235 sine
521 2174 580 2235 ulla
599 2192 694 2254 poena
713 2174 831 2236 dedisse
850 2173 970 2234 obsides
988 2182 1076 2251 atque
1095 2175 1126 2232 in
1150 2173 1239 2233 fidem

63 2272 202 2343 receptas
225 2282 305 2344 esse,
328 2264 407 2324 idem
430 2265 576 2324 lecerunt.

153 2350 183 2413 4.
212 2351 319 2412 Caesar
343 2352 486 2414 militibus
509 2370 564 2431 pro
587 2360 669 2412 tanto
693 2351 793 2412 labore
812 2369 846 2411 ao
868 2352 1023 2431 patientia,
1047 2352 1098 2428 qui
1118 2349 1238 2410 bruma·

63 2441 142 2501 libus
170 2440 288 2521 diebus,
315 2440 473 2502 itineribus
500 2440 695 2521 difficillimis,
722 2439 883 2518 frigoribus
910 2439 1103 2500 intolerandis
1127 2437 1238 2499 studio·

65 2532 181 2590 sissimo
209 2538 434 2608 permanserant
460 2532 492 2590 in
519 2528 634 2609 labore,
661 2529 793 2589 ducenos
817 2531 984 2609 sestertioS,
1013 2525 1239 2589 centurionibus

67 2627 113 2678 tot
136 2617 215 2678 milia
234 2636 388 2679 nummum
415 2619 542 2697 praedae
566 2619 686 2678 nomine
715 2616 908 2677 condonanda
934 2616 1092 2695 pollicetur
1118 2615 1239 2693 legioni·

65 2706 184 2785 busque
214 2709 245 2766 in
275 2706 399 2766 hiberna
428 2708 562 2766 remissis
592 2709 657 2785 ipse
686 2724 719 2766 se
747 2707 854 2783 recipit
880 2704 929 2764 die
952 2703 1069 2764 XXXX.
1092 2701 1239 2762 Bibracte.

65 2794 110 2855 lbi
141 2812 209 2854 cum
239 2797 287 2854 ius
316 2794 442 2875 diceret,
472 2794 621 2873 Bituriges
651 2793 687 2855 ad
719 2812 787 2854 eum
817 2792 928 2871 legatos
953 2795 1075 2853 mittunt
1098 2790 1275 2851 auxiliuma

65 2885 194 2962 petitum
221 2889 326 2941 contra
353 2881 511 2962 CarnuteS,
539 2900 615 2960 quos
641 2881 777 2943 intulisse
806 2880 916 2941 bellum
944 2880 1009 2941 sibi·
1030 2877 1240 2958 querebantur.

66 2970 133 3041 Qua
158 2988 190 3029 re
214 2971 331 3048 cognita
354 2988 423 3030 cum
446 2970 509 3030 dies
533 2988 593 3030 non
616 2970 742 3049 amplius
765 2969 792 3028 X
815 2978 845 3030 et
863 2968 928 3028 Vlll
950 2971 981 3028 in
1005 2967 1138 3027 hibernis
1161 2975 1241 3027 esset
1260 2979 1276 3027 3

66 3068 201 3119 moratus
208 3106 217 3138 ,
240 3057 373 3136 legiones
396 3057 487 3118 Xllll.
511 3067 540 3119 et
563 3057 608 3119 Vl.
631 3077 668 3119 ex
695 3057 829 3118 hibernis
852 3055 888 3117 ab
912 3058 1003 3117 Arare
1027 3055 1139 3135 educit,
1167 3073 1240 3133 quas

65 3265 302 3333 Plusquamperf.:
322 3264 372 3319 dae
389 3263 627 3334 proximafuerat
716 3263 782 3332 Cap.
806 3267 832 3316 4.
866 3267 890 3315 1.
921 3261 1111 3316 itineribus
1143 3261 1242 3316 difli-

65 3353 124 3391 war
151 3336 181 3389 in
203 3335 298 3404 Bezug
325 3335 376 3390 anf
405 3334 536 3405 adiungit
562 3351 627 3390 vor·
681 3332 819 3387 cillimis
852 3332 914 3386 sind
941 3332 1035 3389 Ablat.
1064 3333 1183 3388 absolut.
1211 3332 1242 3386 in

65 3407 142 3461 iiber.
172 3437 205 3446 -
240 3412 265 3460 2.
298 3407 392 3475 quin:
429 3406 551 3475 Beispiel
582 3405 628 3458 fiir
681 3402 868 3458 concessivam
905 3401 981 3458 Sinn.
1023 3433 1058 3443 -
1098 3403 1242 3474 frigori·

67 3477 122 3532 den
147 3476 294 3532 Gebrauch
317 3493 373 3531 von
397 3477 471 3545 quin.
500 3507 534 3516 -·
562 3492 627 3530 non
680 3475 754 3528 bus:
779 3474 923 3528 iibersetze
947 3474 1000 3528 den
1023 3473 1127 3530 Plural.
1173 3474 1242 3528 Ver·

67 3547 246 3617 potuerint
273 3576 308 3588 -
330 3549 505 3617 parerent:
537 3546 628 3600 woliir
681 3544 790 3615 gleiehe
825 3552 853 3612 1,
886 3550 934 3612 16,
966 3551 991 3600 2.
1024 3575 1058 3585 -
1092 3545 1241 3600 ducenos

68 3619 115 3674 ein
132 3617 270 3687 Beispiel?
681 3617 863 3670 sestertios
900 3640 934 3661 =
971 3622 1005 3670 31
1038 3617 1132 3684 Mark,
1169 3615 1243 3669 denn

680 3686 727 3740 ein
745 3685 902 3754 Sestertium
920 3687 969 3741 der
982 3687 1055 3742 auch
1068 3685 1244 3740 schlechthin

105 3760 172 3830 Cep.
195 3766 221 3814 3.
255 3765 278 3815 1.
302 3757 543 3828 disiectisque:
570 3774 628 3812 zer·
681 3774 811 3811 nummus
834 3761 959 3827 genennt
981 3757 1088 3825 wurde,
1111 3756 1150 3810 ist
1174 3756 1241 3826 Ιὸῑί2

69 3833 158 3885 sireni
175 3831 358 3886 wohnendan.
380 3861 412 3869 —
436 3835 460 3882 2.
481 3829 628 3898 signum,
681 3827 810 3896 Pfennig.
825 3859 858 3869 -
877 3846 1044 3882 nummum
1062 3852 1096 3872 τι
1114 3843 1241 3880 nummo·

68 3901 403 3970 quod—consueuit:
419 3901 500 3955 echte
513 3899 628 3954 enideo
681 3917 744 3952 rum
771 3899 809 3953 iet
831 3899 877 3954 die
902 3897 1095 3967 gewtthnliche
1118 3896 1243 3951 Genitiv-
1274 3901 1301 3920 ”

67 3972 319 4041 ungewdhnliahen
337 3971 497 4026 Auedruck:
516 3970 628 4040 signum
680 3969 755 4024 form
776 3969 807 4023 in
825 3968 1007 4037 Verbindung
1029 3967 1082 4022 mit
1104 3967 1244 4022 Zahlwbr·

67 4042 537 4112 intellegiturincendiis3denndce
544 4043 629 4095 Bran·
681 4043 753 4094 torn.
766 4070 803 4080 -
821 4042 874 4094 tot
892 4039 1001 4092 milio:
1020 4038 1065 4092 die
1082 4038 1182 4093 Lesart
1199 4041 1244 4093 tot

68 4131 124 4169 nen
138 4112 311 4168 derHeuaer
327 4112 367 4169 iet
383 4113 486 4182 gerede
504 4112 555 4167 dee
569 4111 628 4166 Zei-
681 4110 762 4164 milia
784 4110 823 4164 ist
848 4109 928 4163 nieht
953 4108 1070 4179 richtig3
1101 4109 1175 4163 denn
1198 4109 1243 4164 die

70 4187 149 4240 chen.
178 4215 211 4224 -
240 4184 461 4239 deficeretur:
493 4183 564 4237 decu
591 4182 629 4236 iet
683 4180 870 4235 Centurionen
898 4178 1034 4235 bekamen
1066 4179 1243 4248 gewohnlieh

70 4254 156 4310 Cesar
171 4254 325 4325 subjectu.
341 4254 422 4324 copia
437 4254 628 4310 Abi-ter-
682 4251 799 4320 doppelt
821 4267 852 4305 so
875 4250 932 4305 viel
955 4250 997 4305 als
1023 4250 1069 4305 die
1096 4252 1244 4321 gemeinen

69 4327 240 4380 tenentur:
265 4342 295 4380 so
314 4325 378 4380 dass
400 4325 439 4380 eie
460 4325 554 4379 flohen
571 4323 628 4379 und
683 4321 825 4377 Soldaten.
859 4352 891 4362 -
927 4321 1159 4376 condonanda:
1197 4321 1243 4375 die

70 4397 125 4451 den
142 4397 264 4451 Romern
283 4395 474 4452 entwisehten.
683 4392 917 4448 Weidmannsche
936 4393 1020 4464 Aneg.
1040 4393 1090 4447 het
1104 4391 1243 4448 condona-
