2804 4778
491 222 560 278 Lm.
580 221 653 277 vlu.
682 220 760 278 OAP.
782 227 895 278 19-24.
1216 223 1283 288 279

100 391 181 450 sisse
213 405 311 468 neque
344 387 380 448 ad
417 389 573 449 sanitatem
610 387 794 468 reliquorum
825 387 975 449 deditione
1008 406 1074 449 esse
1111 389 1282 469 perductos,

104 477 192 538 Scire
219 485 308 555 atque
337 475 510 555 intellegere
538 494 570 537 se
599 494 718 538 causam
744 478 859 556 peccati
886 475 1024 537 facillime
1047 481 1174 539 mortuis
1201 478 1317 540 dele-a

105 568 183 645 gari3
212 566 362 626 neminem
387 583 458 625 vero
487 573 602 626 tantum
632 565 759 645 pollere,
786 572 820 626 ut
848 567 948 626 invitis
978 565 1177 648 principibus,
1207 570 1282 629 resi·

105 661 203 715 stante
236 662 354 734 senatu,
376 646 520 714 'omnihus
549 652 635 715 bouis
661 652 898 733 repugnantibus
924 653 1041 714 infirma
1069 672 1157 715 manu
1186 654 1282 735 plebis

104 741 217 803 bellum
240 743 389 802 concitare
413 749 444 801 et
470 760 575 821 gerere
604 750 720 824 posset3
749 741 802 802 sed
829 749 929 802 mmen
957 760 989 802 se
1013 748 1188 804 contentum
1217 744 1281 804 iore

98 848 140 891 ea
164 848 274 911 poena,
297 848 385 908 quam
410 829 547 910 sibiipsi
570 833 795 891 contraxissent.

106 969 108 973 ,
195 915 248 980 23.
284 917 379 979 Nocte
402 920 573 997 insequenti
595 918 683 999 legati
705 936 848 998 responsa
871 918 907 979 ad
930 937 1001 979 suos
1024 921 1173 1001 referunt,
1203 920 1281 982 ohsi-

100 1006 160 1067 des
176 1007 346 1068 conficiunt.
379 1005 570 1068 Concurrunt
593 1006 775 1087 reliquarum
794 1008 958 1068 civitatium
979 1007 1082 1090 legati,
1096 1027 1171 1087 quae
1186 1008 1281 1070 Bello·

105 1113 247 1156 vacorum
275 1094 504 1175 speculabantur
532 1104 680 1157 eventum.
730 1094 857 1156 Obsides
883 1094 967 1176 dant,
998 1099 1143 1176 imperata
1169 1098 1318 1159 iaciunta

100 1192 233 1263 excepto
265 1182 412 1265 Commio,
443 1201 533 1262 quem
566 1186 656 1245 timor
686 1183 863 1264 prohibebat
892 1186 1068 1263 cuiusquam
1098 1185 1167 1247 fidei
1197 1204 1281 1247 suam

100 1273 292 1333 committere
316 1271 450 1333 salutem.
495 1272 568 1333 Nam
593 1275 747 1352 superiore
771 1289 848 1332 anno
873 1271 906 1334 Τ.
929 1271 1077 1334 Labienus
1100 1273 1224 1336 Caesare
1248 1277 1279 1336 in
1299 1287 1316 1336 3

105 1359 198 1421 Gallia
221 1363 360 1421 citeriore
383 1363 430 1421 ius
452 1360 585 1442 dicente,
612 1379 682 1422 cum
705 1360 871 1423 Commium
899 1364 1094 1441 comperisset
1122 1363 1280 1423 sollicitare
1311 1353 1313 1360 ⁸

101 1451 239 1510 civitates
272 1458 302 1510 et
334 1451 569 1511 coniurationem
600 1458 705 1510 contra
737 1448 894 1510 Caesarem
927 1450 1040 1531 facere,
1075 1450 1280 1512 infidelitatem

102 1539 172 1598 eius
195 1540 259 1598 sine
281 1536 341 1598 ulla
368 1536 490 1617 pertidia
516 1537 657 1600 iudicavit
684 1539 839 1618 comprimi
866 1556 964 1617 posse.
1010 1538 1105 1610 Quem
1129 1541 1198 1619 quia
1220 1553 1317 1602 nond

106 1625 306 1687 arbitrabatur
328 1635 464 1687 vocatum
487 1628 519 1688 in
541 1636 638 1689 castra
661 1635 834 1707 venturum,
861 1645 899 1688 ne
922 1627 1093 1707 temptando
1116 1631 1281 1690 cautiorem

104 1714 231 1795 laceret,
258 1712 290 1774 C.
318 1711 500 1776 Volusenum
528 1715 710 1787 Quadratum
738 1718 832 1794 misit,
858 1718 911 1796 qui
938 1733 1007 1776 eum
1033 1735 1089 1796 per
1119 1717 1280 1778 simulatio·

104 1820 174 1862 nem
206 1801 346 1881 colloquii
373 1811 493 1864 curaret
519 1804 768 1866 interficiendum.
813 1804 858 1865 tu
884 1822 949 1866 eam
973 1823 1037 1865 rem
1064 1804 1195 1867 delectos
1218 1805 1317 1866 ido-5

105 1909 178 1951 neos
208 1893 235 1951 ei
264 1889 355 1951 tradit
381 1893 581 1953 centuriones.
627 1891 702 1953 Cum
730 1895 761 1953 in
789 1892 970 1972 colloquium
992 1902 1115 1955 ventum
1138 1901 1218 1954 esset
1241 1903 1280 1974 et,

104 1989 140 2040 ut
164 1987 357 2058 convenerat,
380 1997 500 2041 manum
524 1979 649 2041 Commii
672 1978 839 2042 Volusenus
862 1983 1051 2062 arripuisset,
1074 1984 1210 2043 centurio
1233 1982 1280 2042 vel

104 2070 222 2129 insueta
245 2086 279 2128 re
303 2076 457 2147 permotus
481 2068 527 2128 vel
550 2068 689 2129 celeriter
711 2087 728 2130 a
751 2069 945 2130 familiaribus
967 2069 1136 2148 prohibitus
1155 2069 1280 2130 Commii

106 2157 254 2218 conficere
284 2157 435 2216 hominem
465 2173 525 2217 non
555 2159 665 2237 potuit3
694 2160 824 2238 graviter
853 2166 951 2219 tamen
978 2160 1075 2238 primo
1098 2161 1159 2220 ictu
1183 2157 1296 2240 gladio,

98 2254 194 2326 »caput
221 2246 379 2325 percussit.
425 2244 499 2306 Cum
527 2247 679 2324 utrimque
707 2245 796 2325 gladii
823 2245 958 2308 destricti
986 2255 1100 2328 essent,
1131 2265 1192 2307 non
1219 2256 1315 2310 tame

104 2334 255 2414 pugnandi
283 2351 372 2412 quam
399 2333 574 2415 diffugiendi
600 2334 658 2395 luit
680 2342 877 2413 utrorumque
902 2334 1071 2398 consilium:
1099 2344 1280 2416 nostrorum,

105 2423 185 2502 quod
213 2423 369 2484 mortifero
397 2422 519 2484 vulnere
548 2421 716 2483 Commium
743 2422 904 2484 eredebant
935 2424 1086 2504 allectum,
1119 2423 1280 2505 Gallorum,

105 2510 185 2590 quod
211 2511 327 2572 insidiis
355 2513 482 2591 cognitis
508 2511 607 2593 plura,
635 2528 724 2590 quam
746 2510 897 2593 videbant,
925 2512 1166 2574 extimescebam.
1212 2512 1279 2584 Quo

105 2600 183 2661 lacto
208 2601 346 2660 statuisse
371 2598 522 2662 Commius
544 2599 700 2661 dicebatur
722 2617 884 2678 numquam
906 2602 937 2660 in
961 2609 1156 2680 conspectum
1179 2603 1279 2662 cuius·

104 2707 193 2767 quam
215 2687 341 2748 Romani
363 2691 473 2750 venire.

193 2774 245 2837 24.
270 2774 507 2837 Bellicosissimis
529 2775 668 2855 gentibus
691 2776 815 2837 devictis
838 2775 960 2856 Caesar,
983 2794 1051 2836 cum
1074 2775 1190 2837 videret
1212 2774 1278 2838 nul·

102 2865 162 2927 lam
190 2867 249 2924 iam
280 2881 346 2925 esse
375 2866 537 2945 civitatem,
564 2882 645 2944 quae
662 2863 774 2926 bellum
796 2872 928 2944 pararet,
952 2883 1011 2943 quo
1035 2863 1092 2925 sibi
1115 2867 1279 2946 resisteret,

97 2953 156 3015 ,sed
187 2951 346 3013 nonnullos
376 2970 412 3012 ex
442 2953 559 3032 oppidis
586 2953 765 3033 demigrare,
793 2971 829 3014 ex
857 2955 936 3032 agris
963 2953 1106 3032 diffugere
1131 2953 1168 3014 ad
1193 2971 1278 3033 prae·

102 3061 174 3102 sens
206 3042 366 3120 imperium
395 3040 578 3122 evitandum,
608 3041 709 3121 plures
741 3043 772 3101 in
804 3051 905 3121 partes
933 3044 1099 3103 exercitum
1128 3041 1278 3102 dimittere

102 3131 268 3192 constituit.
313 3128 350 3190 M.
373 3129 534 3190 Antonium
563 3138 752 3208 quaestorem
776 3148 843 3192 carm
874 3130 989 3210 legione
1018 3129 1192 3190 duodecima
1221 3131 1314 3192 sibia

102 3219 270 3300 coniungit3
294 3215 325 3278 C.
339 3216 464 3279 Fabium
486 3217 615 3297 legatum
638 3236 708 3280 oum
731 3217 905 3279 cohortibus
918 3216 997 3278 XXV
1015 3220 1105 3294 mittit
1127 3220 1159 3278 in
1182 3217 1277 3281 diver-

103 3310 249 3368 sissimam
272 3314 388 3386 partem
411 3305 535 3388 Galliae,
558 3305 636 3385 quod
661 3305 702 3368 ihi
726 3306 868 3385 quasdam
891 3307 1024 3368 civitates
1047 3308 1187 3368 inarmis
1211 3327 1278 3368 esse

102 3395 253 3477 audiebat,
276 3413 373 3473 neque
393 3394 424 3455 C.
444 3394 600 3457 Caninium
618 3394 756 3457 Rebilum
778 3395 921 3476 legatum,
945 3397 997 3474 qui
1019 3397 1049 3455 in
1073 3395 1131 3456 illis
1148 3398 1277 3475 regioni·

101 3484 159 3544 bus
182 3491 261 3558 erat,
285 3486 356 3544 satis
379 3484 479 3545 tirmas
498 3483 524 3543 ll
547 3483 679 3563 legiones
701 3482 812 3544 habere
831 3482 1024 3544 existimabat.
1061 3483 1095 3546 Τ.
1113 3483 1277 3546 Labienum
1296 3497 1313 3546 3

139 3671 205 3742 Cap.
219 3678 262 3726 22.
282 3677 307 3726 2.
321 3670 494 3741 delegari:
513 3670 664 3740 augescho·
717 3677 744 3739 4,
763 3678 797 3726 21
816 3671 937 3743 Aniang.
958 3705 992 3712 -
1011 3679 1035 3729 b.
1054 3675 1091 3728 nt
1110 3688 1278 3727 convene·

99 3744 165 3811 ben,
184 3742 359 3812 zugewiesen
376 3743 478 3797 werde.
717 3745 784 3798 rat:
803 3759 825 3798 s.
837 3749 861 3812 1,
870 3749 941 3813 dub
956 3763 990 3798 zu
1004 3745 1077 3813 qnod
1092 3742 1277 3799 convenisset.

137 3813 204 3883 Cap.
228 3820 271 3870 23.
310 3819 333 3870 1.
357 3812 551 3868 conficiunt
574 3811 612 3866 ist
638 3818 662 3880 2,
714 3856 721 3866 .

100 3891 132 3952 4,
151 3891 167 3940 5
186 3883 300 3940 erklbrt.
316 3915 350 3925 -
364 3891 389 3941 3.
409 3883 481 3939 siue
499 3883 572 3938 ulla
614 3899 663 3938 er·
743 3884 792 3940 ΠΙ.
816 3884 917 3940 Cdsars
936 3885 1049 3940 weitere
1067 3882 1248 3953 Massregeln.

96 3955 201 4011 fidia:
221 3955 294 4009 ohne
313 3955 374 4010 sich
387 3954 583 4025 irgendoinen
620 3970 663 4009 or·
901 3990 922 4044 Ο
950 3995 985 4044 24
1049 3994 1082 4044 25

98 4026 176 4081 wurf
193 4026 243 4080 der
261 4025 388 4081 Treulos'
409 4026 470 4081 keit
487 4024 662 4080 nuznziehen.
891 3993 931 4059 (¹
1003 4007 1030 4043 ¹¹·
1086 3990 1102 4057 ¹)

101 4129 135 4138 —
159 4104 185 4152 4.
212 4098 381 4166 temptari
416 4114 448 4152 o:
476 4097 565 4151 durch
591 4096 661 4152 Ver·
752 4097 819 4178 Cap.
845 4101 887 4150 24.
927 4100 951 4148 1.
976 4111 1039 4162 qno
1064 4120 1097 4141 ε-
1117 4098 1149 4150 ut
1174 4111 1215 4150 eo.
1242 4128 1277 4135 —

100 4169 185 4223 suche
209 4168 260 4222 ihu
284 4168 327 4222 ios
352 4168 489 4223 rbmisehe
512 4169 603 4237 hager
627 4185 662 4221 su
715 4173 740 4220 2.
765 4164 1036 4221 diversissimam
1058 4168 1202 4236 partem:
1226 4166 1277 4221 da-

99 4238 231 4309 bringam
255 4238 315 4294 dies
334 4239 428 4292 vaurde
446 4239 500 4294 den
520 4236 661 4294 Commius
714 4236 768 4290 mit
789 4236 827 4290 ist
844 4235 899 4303 Jder
922 4235 1015 4291 Sinden
1037 4237 1175 4306 gemeint3
1202 4238 1277 4292 donn

99 4327 153 4364 nur
170 4308 357 4380 vorsiehtiger
369 4311 501 4378 gemacht
514 4308 661 4363 haben-
715 4307 789 4362 uach
803 4313 828 4375 7,
847 4312 881 4361 90
900 4324 958 4362 war
975 4307 1025 4363 der
1038 4307 1077 4362 Le
1115 4306 1276 4363 tCauinius

99 4380 130 4437 C.
153 4380 362 4437 Volusenum
389 4379 610 4447 Quadratum:
639 4395 660 4435 s.
714 4376 830 4434 Rebilus
848 4378 892 4434 ins
906 4377 1007 4434 Gehiet
1024 4377 1073 4435 der
1112 4381 1277 4450 utenerge·
