2804 4778
133 224 178 286 14
536 221 585 277 DE
604 220 722 276 BELLO
742 220 897 276 GALLICO

133 409 168 451 eo
192 392 283 455 rosim
307 392 363 450 iter
389 408 444 469 per
465 391 647 469 provinciam
670 406 724 468 per
752 391 809 449 viru
834 398 1041 469 temptassent,
1069 390 1146 469 quod
1171 389 1301 472 Aeduos,

134 480 212 558 quod
240 477 412 562 Ambarros,
442 478 521 556 quod
548 476 719 557 Allobrogas
748 486 916 559 vexassent,
945 480 1116 538 memoriam
1148 477 1300 557 deponere
1345 469 1348 547 l

97 579 114 627 4
132 569 240 648 posse?
278 567 362 638 Quod
382 585 439 628 sua
458 569 579 631 uictoria
598 576 658 626 tam
676 566 838 627 insolenter
855 567 1061 648 gloriarentur,
1081 567 1220 646 quodque
1239 574 1300 628 tant
1345 560 1348 610 l

98 669 113 716 5
133 656 182 718 din
207 675 238 718 se
257 659 376 737 impune
400 657 524 717 iniurias
543 655 647 719 tulisse
666 655 890 736 admirarentur,
910 656 1013 716 eodem
1031 657 1190 735 pertinere.
1223 653 1298 715 Con-

133 738 234 807 sues'se
258 749 337 806 enim
361 745 432 806 deos
461 743 655 826 immortaleS,
684 762 742 823 quo
769 747 887 823 gravius
914 745 1050 805 homines
1073 763 1110 805 ex
1137 751 1301 806 commuta·

132 838 212 896 tione
241 852 343 895 rerum
372 833 501 914 doleant,
530 851 604 912 quos
631 850 686 913 pro
717 833 829 896 scelere
857 851 961 894 eorum
988 834 1092 894 ulcisci
1119 834 1224 914 velint,
1254 831 1302 892 hls

133 923 325 985 secundiores
348 922 498 983 interdum
521 941 570 982 res
594 930 624 982 et
651 922 870 983 diuturniorem
896 925 1101 1004 impunitatem
1125 922 1301 983 concedere.

99 1024 114 1072 6
134 1013 208 1074 Cum
231 1031 266 1073 ea
288 1014 328 1072 ita
351 1013 419 1091 sint,
442 1019 549 1091 tamen,
573 1013 598 1070 si
616 1010 734 1072 obsides
757 1011 793 1071 ab
816 1013 852 1072 iis
876 1011 932 1072 sibi
953 1011 1071 1092 domu,
1094 1013 1138 1071 uti
1157 1030 1200 1086 ea,
1224 1027 1302 1090 quae

133 1102 337 1182 polliceantur,
360 1101 490 1161 facturos
514 1098 673 1181 intellegat,
697 1108 727 1160 et
749 1101 775 1160 si
793 1100 903 1160 Aeduis
926 1100 962 1161 de
986 1101 1120 1180 iniuriis
1135 1118 1209 1180 quas
1228 1099 1303 1178 ipsis

134 1192 281 1268 sociisque
306 1207 410 1249 eorum
438 1188 606 1270 intulerint,
634 1191 705 1249 item
728 1191 753 1249 si
778 1188 985 1267 Allobrogibus
1013 1189 1215 1270 satlslaciant,
1235 1205 1302 1249 sese

100 1291 202 1339 acum
225 1281 262 1337 iis
289 1295 392 1357 pacem
416 1295 481 1338 esse
511 1278 667 1339 iacturum.
716 1277 815 1337 Divico
843 1278 1010 1357 respondit:
1046 1277 1089 1338 Ita
1112 1277 1308 1341 Helvetiosa

135 1366 294 1427 maioribus
318 1369 380 1426 suis
402 1368 554 1427 institutos
574 1385 647 1447 esse,
670 1369 714 1427 uti
738 1366 856 1427 obsides
883 1368 1026 1447 accipere,
1049 1385 1108 1426 non
1137 1366 1207 1427 dare
1231 1382 1303 1427 con·

135 1457 261 1516 suerint:
290 1456 354 1516 eius
377 1457 422 1515 rel
448 1455 591 1535 populum
618 1455 783 1516 Romanum
810 1474 876 1516 esse
905 1463 1020 1516 testem.
1065 1454 1128 1515 Hoc
1157 1472 1305 1536 responso

135 1543 202 1603 dato
226 1543 371 1604 discessit.

122 1650 126 1659 ·
225 1629 274 1693 15.
297 1632 421 1693 Postero
440 1633 488 1693 die
511 1641 607 1693 castra
627 1652 662 1693 ex
687 1651 721 1694 eo
745 1632 810 1693 loco
833 1642 959 1694 movent
1000 1633 1082 1693 Idem
1105 1633 1175 1693 lacit
1194 1632 1305 1694 Caesar

135 1724 357 1800 equitatumque
389 1739 522 1802 omnem,
554 1722 590 1781 ad
623 1740 780 1783 numerum
814 1731 954 1801 quattuor
986 1721 1112 1803 millum,
1143 1740 1234 1801 quem
1268 1741 1306 1783 ex

135 1813 214 1871 omni
241 1812 392 1890 provincia
425 1819 455 1871 et
482 1810 591 1871 Aeduis
624 1819 712 1890 atque
745 1829 848 1871 eorum
881 1812 969 1870 sociis
1001 1818 1136 1871 coactum
1167 1810 1307 1893 habebat,

102 1901 309 1979 rpraendttit,
337 1900 387 1978 qui
416 1898 545 1979 videant,
574 1918 646 1979 quas
677 1902 708 1960 in
740 1907 840 1979 partes
870 1899 972 1959 hostes
998 1901 1056 1959 iter
1084 1899 1198 1960 iaciant.
1247 1899 1307 1971 Qui

137 1989 271 2069 cupidius
294 1990 485 2049 novissimum
507 2006 611 2067 agmen
634 1991 760 2050 insecuti
784 1988 878 2049 alieno
902 1987 966 2048 loco
990 2005 1058 2048 cnm
1080 1990 1212 2066 equitatu
1237 1987 1307 2049 ilel-

99 2092 115 2139 3
135 2079 279 2138 vetiorum
302 2077 448 2158 proelium
470 2081 672 2159 committunt,
700 2086 730 2138 et
755 2079 842 2157 pauci
871 2077 907 2137 de
938 2079 1048 2137 nostris
1071 2076 1187 2136 cadunt.
1236 2077 1305 2148 Quo

134 2266 256 2336 Beispiel
283 2266 358 2321 eines
385 2267 567 2337 Fragesatzes
594 2266 625 2321 in
652 2266 693 2320 in·
748 2266 898 2321 Sinneund
912 2267 961 2320 der
974 2280 1061 2334 guum
1076 2263 1141 2318 Sata
1160 2264 1230 2319 lbsst
1245 2265 1308 2321 sich

136 2337 254 2391 director
280 2337 356 2391 Reda
384 2336 438 2392 mit
470 2337 532 2391 dem
562 2336 694 2392 Pridicat
747 2337 834 2393 durch
852 2337 908 2392 ein
922 2335 967 2393 W.
981 2336 1149 2391 ubersetaeu.
1165 2365 1199 2376 -
1218 2353 1309 2405 quae

135 2408 164 2462 in
188 2408 251 2462 dem
269 2406 400 2462 Infinitiv.
425 2439 458 2448 —
482 2408 546 2478 Vgl.
566 2408 694 2490 dagegen
746 2407 1005 2532 polliceantur
1044 2406 1215 2462 umschreibt
1260 2407 1309 2462 ein

136 2496 159 2535 c.
182 2485 216 2532 43
243 2478 317 2547 quod
342 2509 376 2518 -
403 2478 576 2546 attulissent,
604 2480 634 2534 ιὰ
658 2479 693 2534 iis
767 2479 840 2533 ubst.
868 2479 960 2534 Ueber
978 2478 1004 2533 d.
1020 2477 1109 2533 Sache
1128 2495 1148 2534 s.
1167 2494 1190 2532 c.
1211 2483 1255 2532 13.
1271 2509 1307 2519 -—

135 2548 549 2676 triturabatur
577 2582 620 2676 a*
651 2565 692 2675 r
747 2549 1052 2676 terrueruut
1066 2548 1309 2676 turturum

135 2691 266 2746 wieferu?
309 2690 334 2745 S.
366 2698 390 2760 1,
421 2663 445 2760 d,
473 2699 489 2747 3
518 2711 552 2747 zu
580 2665 626 2748 eo’s
652 2693 692 2748 ire
747 2692 826 2761 qui03
846 2708 868 2746 c.
888 2698 922 2745 44
941 2691 975 2746 de
994 2661 1140 2761 stipendio.
1160 2722 1193 2730 —
1218 2708 1308 2759 quas

135 2764 305 2833 paterentur.
334 2794 367 2802 —
395 2764 616 2834 Allobrogas:
645 2765 692 2819 be·
747 2762 982 2818 —intulerint
995 2761 1169 2817 umschreibt
1183 2761 1318 2818 einPar·'

135 2835 231 2890 merke
276 2834 322 2889 die
362 2834 533 2904 griechische
573 2835 694 2906 Endung
746 2833 1307 2904 ticip.-7.aticipera,nondare:

135 2906 184 2960 des
215 2905 392 2976 Accusativs,
430 2905 475 2960 die
511 2906 591 2962 nicht
633 2907 692 2961 blos
746 2904 792 2960 ein
823 2905 876 2960 mit
911 2921 967 2959 non
1005 2904 1162 2975 gebildeter
1196 2903 1308 2975 Gegan-

136 2977 165 3031 in
196 2977 391 3046 gallischen
418 2977 537 3032 sondern
564 2978 637 3032 auch
663 2977 693 3033 in
747 2977 805 3032 sata
828 2976 1008 3031 verschmtht
1030 2975 1075 3032 die
1093 2974 1308 3047 Verbindunga·

136 3047 241 3102 andern
276 3047 482 3102 Vblkernamen
522 3048 582 3103 sich
623 3047 694 3102 diter
746 3047 875 3117 partilrel.

136 3118 234 3186 findet,
254 3118 308 3174 wie
326 3137 348 3172 a.
366 3119 397 3172 Β.
422 3119 576 3188 „Arcndas,
596 3118 693 3188 Cyclo-

136 3206 199 3258 pas,
225 3189 404 3259 Aethiopas“.
428 3221 463 3230 -
487 3195 512 3246 4.
541 3189 634 3253 Quod
659 3220 692 3230 -
782 3188 848 3258 Cap.
865 3195 906 3243 15.
927 3189 1005 3244 tad
1023 3205 1196 3243 numerum
1214 3187 1307 3246 tibens.

137 3260 385 3343 gloriarentur:
414 3279 435 3317 s.
460 3277 483 3317 c.
502 3267 536 3315 43
559 3261 693 3343 zuqquod
745 3260 884 3329 ungeftthr
907 3261 977 3314 4000
995 3261 1080 3314 Manu
1103 3260 1211 3342 starium
1235 3260 1307 3342 tiber

136 3333 418 3472 trultriaco
440 3331 693 3472 {utlibet}
746 3331 1307 3458 atta⁰2tltutl⁰ttttut³¹tt

137 3472 692 3613 qugappplrtEfpbfifeiipenrvlpppenurr-gepqcpge‘p
745 3471 1307 3613 lrlffbnelegrcllllassgggffidiallgleerbffi

136 3615 622 3685 pertinere,eigentlichebezlehe
632 3616 691 3671 sich
745 3615 798 3670 wie
826 3616 876 3671 der
897 3616 992 3671 Plural
1019 3615 1068 3684 qni
1095 3615 1154 3670 sich
1176 3615 1228 3668 auf
1248 3615 1306 3670 deu

137 3687 209 3740 eben
227 3685 322 3752 dobin,
341 3685 367 3742 d.
378 3687 404 3740 h.
424 3685 519 3742 beides
538 3687 593 3757 (die
611 3688 692 3743 fiber-
747 3686 822 3756 Siug.
842 3687 981 3756 equitatus
1000 3685 1134 3741 beziehen
1152 3685 1242 3754 kann,
1264 3685 1306 3742 ist

136 3756 264 3826 mdthige
290 3757 480 3828 Siegesfreude
505 3777 530 3813 u.
556 3759 600 3814 die
623 3757 692 3812 Ver·
745 3758 832 3813 leicht
857 3777 891 3812 zu
914 3759 1048 3813 erkltreu.
1068 3789 1102 3799 -
1126 3763 1150 3811 2.
1176 3756 1250 3822 Qui:
1274 3757 1306 3811 in

136 3828 310 3897 wunderung
339 3828 408 3884 iiber
438 3829 483 3884 die
516 3829 692 3900 Ungestralt-
746 3829 795 3898 qui
813 3829 885 3899 liegt
902 3829 1092 3903 adversativer
1105 3828 1181 3883 Sinn.
1196 3859 1230 3866 -
1247 3845 1305 3882 eu-

136 3898 206 3968 heit)
221 3900 299 3954 stehc
318 3899 347 3954 in
361 3899 524 3971 Beriihrung
537 3919 564 3956 u.
580 3901 692 3955 Zusam·
745 3900 873 3970 pidins:
892 3903 977 3957 etwas
996 3901 1062 3955 oder
1081 3917 1114 3953 au
1131 3899 1233 3968 hitzig,
1251 3899 1314 3956 lei-.

136 3970 277 4042 menhang
290 3971 441 4027 miteinem
450 3972 508 4027 und
521 3973 691 4040 demselbeu,
745 3971 955 4026 denschaftlich.
970 4002 1003 4010 —
1018 3970 1131 4025 alieno
1146 3996 1180 4016 =
1193 3969 1304 4051 iniquo.
1326 3986 1329 3992 ¹

136 4041 190 4095 mit
213 4041 277 4096 dem
301 4042 471 4112 Veriahren,
499 4044 620 4098 welches
646 4042 692 4098 die
746 4040 1305 4112 -pauci:einigewenigemnreimge:

136 4111 236 4166 Gdtter
254 4131 288 4167 zu
310 4113 486 4170 beobaehten
507 4115 639 4184 pilegteu.
660 4145 693 4154 -
746 4115 792 4168 dle
819 4113 936 4184 abrigen
963 4129 1069 4182 waren,
1091 4113 1145 4167 wie
1168 4111 1227 4167 sich
1252 4128 1305 4166 aus

136 4188 161 4236 5.
187 4200 250 4251 quo
276 4185 414 4253 gravius
436 4204 464 4242 u.
484 4203 504 4240 s.
523 4205 558 4239 w.
582 4185 619 4240 ist
637 4186 693 4239 Ab·
746 4186 810 4240 dem
832 4184 910 4239 Ende
932 4186 980 4239 des
1005 4189 1046 4241 18.
1065 4201 1088 4239 c.
1112 4183 1216 4254 ergibt,
1242 4185 1305 4238 eut-

136 4253 291 4310 sichtssatal
311 4287 345 4295 -
368 4256 432 4311 his:
456 4256 512 4326 vgl.
537 4255 587 4310 das
611 4262 692 4326 1,12
746 4255 847 4311 floheu.
884 4256 1037 4326 UebrIgens
1054 4255 1163 4324 merke,
1186 4254 1250 4309 dass
1270 4273 1305 4308 au

130 4343 167 4378 zu
194 4342 228 4380 ea
253 4326 413 4382 Bemerkte.
443 4358 476 4367 -
504 4333 529 4381 6.
559 4326 636 4382 (lum
660 4358 693 4368 -—
745 4327 1144 4397 pauciindieserBedeutung
1158 4325 1304 4380 niemals

117 4391 205 4447 sint:
238 4411 303 4448 oum
333 4397 413 4451 stelit
444 4397 475 4452 in
505 4399 696 4456 concessivem
748 4399 833 4456 modo
870 4399 936 4456 oder
970 4400 1086 4452 tantum
1120 4395 1307 4464 binnugeidgt
