2804 4778
490 228 559 282 LIB.
578 227 638 283 Vll
667 226 744 284 CAP.
764 233 842 284 5-9.
1189 228 1253 292 207

80 394 264 474 Narbonem,
296 411 371 473 quae
403 392 467 453 loca
499 392 636 454 hostibus
663 401 748 454 erant
778 394 914 474 finitima,
942 395 1109 475 constituit,
1140 402 1290 472 partemc

81 485 234 563 copiarum
263 499 299 542 ex
324 483 476 562 provincia
505 481 818 562 supplementumque,
845 483 925 561 quod
953 500 989 542 ex
1017 481 1100 543 ltalia
1127 482 1254 544 adduxe-

81 583 137 652 rat,
159 572 190 631 in
213 569 343 650 Helvios,
365 572 417 649 qui
440 571 515 631 fines
537 571 740 631 Arvernorum
762 573 952 650 contingunt,
976 573 1135 631 convenire
1164 571 1255 632 iubet.

171 657 200 721 8.
233 658 286 719 His
319 658 411 720 rebus
442 661 620 738 comparatis
647 676 786 738 represso
813 661 872 719 iam
899 658 1038 721 Lucterio
1067 667 1097 720 et
1130 668 1255 734 remoto,

82 748 162 827 quod
185 749 299 808 intrare
322 749 400 808 intra
422 748 569 827 praesidia
591 747 793 827 periculosum
815 746 953 828 putabat,
975 749 1007 807 in
1025 747 1144 810 Helvios
1166 748 1255 826 profi·

81 838 212 897 ciscitnr.
262 835 327 896 Etsi
356 854 440 897 mons
469 836 618 917 Cevenna,
651 838 703 915 qui
729 837 877 896 Arvernos
905 834 941 896 ab
968 834 1080 896 llelviis
1107 835 1290 917 discludit,2

83 923 244 985 durissimo
267 932 402 1004 tempore
426 927 496 985 anni
518 925 660 985 altissima
683 927 749 984 nive
773 926 831 984 iter
853 923 1045 1005 impediebat,
1073 932 1174 985 tamen
1197 925 1255 984 dis-

82 1031 170 1074 cussa
201 1014 269 1072 nive
302 1031 354 1073 sex
390 1015 421 1073 in
454 1013 639 1075 altitudinem
675 1012 786 1093 pedum
818 1020 907 1090 atque
939 1015 980 1073 ita
1012 1015 1067 1073 viis
1097 1013 1255 1092 'patefactis

81 1119 198 1162 summo
231 1100 358 1162 militum
390 1101 499 1162 sudore
532 1101 568 1161 ad
601 1101 675 1161 lines
706 1101 908 1160 Arvernorum
940 1104 1084 1179 pervenit.
1140 1101 1290 1172 eribusa
1366 1117 1369 1121 ’

81 1191 234 1270 oppressis
257 1189 492 1270 inopinantibus,
516 1189 596 1268 quod
619 1207 651 1248 sc
675 1186 811 1248 Cevenna
834 1198 868 1249 ut
891 1206 977 1249 muro
1000 1191 1132 1250 munitos
1156 1191 1255 1251 existi·

80 1278 214 1358 mabant,
236 1296 270 1339 ac
293 1296 330 1338 ne
354 1277 498 1356 singulari
520 1277 641 1356 quidem
664 1295 805 1355 umquam
827 1277 940 1336 homini
963 1295 1000 1337 eo
1028 1286 1163 1356 tempore
1187 1280 1256 1337 anni

82 1369 204 1428 semitae
222 1373 402 1447 patuerant,
430 1365 581 1444 equitibus
608 1368 747 1447 imperat,
781 1373 815 1426 ut
847 1383 935 1444 quam
967 1365 1109 1426 latissime
1141 1367 1257 1444 possint
1295 1382 1298 1389 ·

80 1465 226 1534 vagentur
249 1461 279 1514 et
306 1472 394 1533 quam
418 1456 578 1515 maximum
606 1453 744 1514 hostibus
766 1462 913 1514 terrorem
937 1454 1074 1515 inferant.
1112 1453 1293 1516 Celeritert

80 1544 155 1604 haec
179 1544 254 1603 lama
277 1561 311 1603 ac
334 1545 448 1603 nuntiis
476 1544 512 1604 ad
535 1542 809 1622 Vercingetorigem
836 1543 1043 1623 perieruntor3
1072 1561 1162 1621 quem
1189 1560 1256 1621 per-

81 1634 181 1694 territi
209 1650 312 1692 omnes
335 1632 461 1692 Arverni
489 1633 715 1693 circumsistunt
742 1640 831 1710 atque
858 1630 1031 1711 obsecrant,
1054 1640 1089 1691 ut
1111 1633 1174 1691 suis
1198 1632 1256 1690 lor·

81 1722 163 1782 tunis
182 1720 329 1799 consulat,
352 1738 427 1780 neve
446 1719 482 1781 ab
505 1720 642 1781 hostibus
661 1720 854 1800 diripiantur,
876 1722 1053 1798 praesertim
1072 1737 1141 1780 cum
1160 1719 1259 1779 videat

82 1827 170 1869 omne
198 1808 234 1868 ad
262 1827 295 1868 se
322 1808 433 1869 bobum
465 1809 649 1870 translatum.
674 1807 830 1879 -Quorum
856 1806 905 1867 ille
934 1806 1074 1886 precibus
1103 1815 1292 1886 permotusc

83 1906 181 1958 castra
205 1915 241 1957 ex
264 1895 448 1976 Biturigibus
471 1905 569 1957 movet
591 1899 623 1957 in
645 1896 796 1956 Arvernos
817 1913 931 1955 versus.

172 1981 201 2046 9.
233 1985 271 2045 At
299 1984 406 2045 Caesar
437 1984 561 2045 biduum
593 1987 624 2045 in
655 1983 703 2044 his
734 1983 809 2043 locis
835 1991 983 2063 moratus,
1011 1982 1091 2060 quod
1118 1981 1192 2041 haec
1221 1982 1257 2042 de
1310 1998 1313 2003 ’

83 2073 325 2151 Vercingetorige
349 2091 406 2134 usu
429 2080 554 2133 ventura
577 2074 716 2152 opinione
739 2080 945 2151 praeceperat,
968 2088 1023 2149 per
1046 2087 1166 2129 causam
1189 2088 1258 2149 sop-

81 2162 225 2242 plementi
253 2163 462 2239 equitatusque
491 2159 616 2239 cogendi
642 2160 679 2220 ab
708 2161 841 2220 exercitu
869 2157 1007 2238 discedit,
1037 2156 1163 2218 Brutum
1187 2156 1256 2218 adu·

82 2249 245 2309 lescentem
277 2248 324 2308 his
352 2250 445 2328 copiis
476 2249 623 2329 praeficit3
654 2248 735 2308 bunc
768 2255 884 2320 monet,
912 2256 946 2308 ut
973 2250 1003 2307 in
1032 2247 1128 2306 omnis
1157 2255 1292 2326 partese

120 2472 224 2542 Copti.
242 2478 265 2526 1.
285 2472 645 2543 comparabisrepres-
698 2469 865 2540 Thatigkeit
895 2470 944 2524 der
971 2470 1088 2536 Person,
1120 2469 1166 2524 die
1193 2487 1259 2525 man

84 2561 131 2599 so:
150 2543 271 2598 welches
288 2544 326 2598 isi
341 2543 392 2597 des
405 2542 581 2598 Verhbliniss
595 2544 645 2598 der
697 2541 793 2608 bibici,
807 2539 980 2608 bezeichnet,
989 2541 1042 2595 wie
1053 2541 1186 2608 ,‚lsssen“.
1206 2540 1259 2595 Die

82 2615 185 2670 beiden
203 2613 392 2683 Porticipieu?
420 2614 556 2670 Dasselbe
574 2616 644 2669 Ver·
697 2614 743 2668 W.
753 2613 786 2669 A.
800 2611 863 2681 gibt
873 2627 929 2666 neu
939 2628 969 2666 se
982 2612 1019 2666 ab
1032 2611 1161 2666 hostibus
1175 2611 1260 2681 diripi

82 2686 205 2741 hdltniss
224 2685 313 2740 findet
337 2686 408 2740 stobi
431 2687 566 2742 zwischeu
590 2685 645 2740 den
698 2683 831 2752 patiatur.
857 2712 890 2722 —
919 2681 1060 2735 bellum:
1089 2681 1139 2735 der
1156 2679 1260 2736 Schen-

83 2757 185 2813 beiden
206 2755 358 2826 folgenden
375 2756 470 2812 Ablot.
496 2755 645 2811 dumssimo
698 2754 773 2822 plote
787 2753 837 2807 des
845 2751 971 2820 Kriegeo.
986 2781 1021 2792 -
1035 2756 1060 2806 5.
1070 2753 1258 2820 permotus:

83 2829 211 2896 tempore
230 2827 297 2881 anni
315 2845 342 2880 ιι.
361 2826 500 2881 altissime
516 2825 590 2880 nive.
609 2856 644 2867 -
698 2823 867 2878 wiederhole
890 2822 940 2875 das
962 2828 992 2887 1,
1009 2827 1056 2890 at,
1080 2827 1098 2876 4
1120 2839 1155 2875 zu
1176 2822 1259 2877 vehe-

84 2906 110 2953 2.
133 2897 219 2951 Etsi:
247 2896 415 2952 wiederhole
438 2896 488 2949 des
511 2902 541 2963 3,
560 2900 643 2963 24‚2
697 2895 807 2948 menter
825 2894 981 2947 commotus
999 2892 1157 2947 Bemerkte.
1173 2924 1205 2932 —
1225 2893 1259 2946 in

85 2987 121 3023 cu
138 2967 193 3022 etsi
209 2967 366 3023 Bemerkte.
391 2997 424 3006 -
446 2965 555 3033 qui-
576 2965 644 3019 dio·
699 2994 732 3004 -
751 2980 883 3018 versus:
903 2980 924 3017 s.
945 2970 975 3030 6,
994 2969 1028 3018 33
1048 2962 1113 3017 Anf.

85 3037 197 3093 cludit
214 3038 305 3092 iibere.
319 3036 484 3092 substantie
498 3066 528 3075 -
548 3041 573 3090 3.
588 3053 645 3160 οἱ·
735 3033 801 3103 Cep.
812 3040 837 3088 9.
858 3040 882 3089 1.
897 3033 949 3088 de:
969 3051 989 3087 s.
1006 3039 1111 3101 1‚14‚c
1130 3033 1199 3116 oud.
1214 3033 1259 3087 W.

84 3106 646 3247 {tettiidltlltmtttttl
699 3122 824 3242 petit
845 3106 1002 3230 ἒίἓιῖιὲἔὲ·
1026 3122 1083 3247 r?
1098 3120 1259 3244 ttlltn

84 3249 299 3375 ffllohh·
323 3248 526 3374 tirhtil
548 3248 646 3390 itti}
700 3245 1260 3389 ¹²¹⁰533⁹d¹lllli¹hsslifflll¹¹bld

85 3391 147 3446 eins
160 3360 383 3460 nmsenrer’oung
395 3389 645 3459 gebrauchtwiro.
700 3388 826 3444 aenon
841 3388 890 3442 ao
899 3386 1020 3442 urceo:
1034 3404 1084 3442 aas
1097 3387 1260 3442 comumn-

85 3461 139 3517 Die
148 3461 192 3518 W.
200 3461 313 3531 Agibie
323 3462 393 3516 hoec
406 3460 483 3515 foma
497 3477 531 3516 oc
544 3461 644 3516 nuntii.
700 3461 748 3525 de;
774 3457 907 3528 librigens
929 3458 1070 3513 bedeubeu
1092 3458 1138 3513 die
1161 3458 1260 3513 Worte

85 3535 246 3602 -atque
273 3532 544 3587 obsecrantubs.
571 3533 646 3587 nach
698 3529 1018 3585 immorbeictoor=
1057 3528 1260 3584 arsimuletio-

85 3608 116 3673 c,
135 3609 195 3672 3,3
219 3621 253 3657 zu
275 3603 458 3657 confirmavit.
487 3633 521 3643 —
548 3619 645 3657 neve:
699 3618 772 3669 nem,
787 3616 837 3655 aus
851 3600 919 3656 oder
932 3601 1015 3655 uniet
1048 3616 1093 3654 em
1108 3600 1259 3670 (fingimeo)

86 3692 107 3729 a.
118 3681 143 3740 2,
153 3679 226 3741 21‚2
246 3691 281 3726 zu
293 3689 357 3727 neu.
372 3704 405 3713 —
420 3671 645 3742 diripientur:
700 3671 821 3734 Grande.
840 3671 866 3727 d
880 3671 899 3727 i.
918 3672 1002 3727 unter
1017 3672 1082 3726 dem
1095 3669 1259 3726 Vorwande.

84 3746 115 3801 in
129 3745 183 3801 deu
194 3744 313 3800 Worten
325 3744 365 3799 isi
378 3743 439 3797 eine
452 3744 555 3812 Kilrse,
573 3744 647 3798 deun
699 3743 781 3798 Deun
799 3741 886 3797 (lusor
903 3743 974 3813 geht
990 3741 1070 3797 nicht
1088 3741 1117 3794 in
1133 3740 1179 3794 die
1193 3740 1260 3794 Pro·

85 3817 136 3873 der
151 3816 218 3872 Sinn
235 3815 287 3873 isi:
306 3815 364 3868 und
382 3814 446 3868 dass
464 3830 495 3868 er
506 3814 586 3868 nicht
599 3832 645 3868 au·
699 3814 773 3868 vinz'
785 3813 900 3879 curticle,
926 3831 975 3868 um
996 3812 1042 3866 die
1065 3811 1260 3879 Ergduzongs-

105 3888 165 3956 ebe,
184 3888 248 3943 dass
263 3885 303 3941 sie
316 3904 343 3940 u
359 3904 379 3942 s.
393 3904 436 3952 w.‚
454 3885 524 3940 oder
538 3885 645 3952 kdrzor,
699 3886 821 3954 huppen
829 3882 1054 3950 herbeicuholen,
1069 3880 1188 3935 scudem
1198 3897 1260 3935 vcr-

137 3975 151 4012 s
174 3973 205 4012 er
228 3957 269 4012 sio
296 3956 376 4011 nicht
399 3957 538 4027 plundern
563 3956 646 4011 lesse.
699 3960 785 4010 wbms
801 3973 836 4009 zu
854 3952 1114 4023 soinenLegionen.
1129 3981 1163 3991 -
1178 3951 1260 4006 adu·

85 4028 152 4084 Mau
170 4029 255 4083 bittet
272 4027 397 4082 nimlich
418 4027 459 4082 im
475 4025 585 4082 beheim
605 4026 648 4082 oft
700 4026 901 4081 lescentem:
925 4043 945 4079 a.
965 4031 995 4092 3,
1015 4030 1030 4077 7
1054 4040 1088 4076 eu
1110 4022 1137 4076 d.
1157 4021 1201 4078 W.
1226 4053 1259 4062 —

86 4099 254 4168 Jomondon,
286 4098 351 4153 deso
383 4100 470 4153 etwas
499 4096 648 4169 geschieht
700 4103 725 4152 2.
740 4098 828 4150 huno
845 4097 970 4150 monet:
985 4112 1006 4148 s.
1021 4111 1071 4148 our
1084 4093 1258 4161 Uebers.5,3

86 4171 154 4225 oder
175 4169 254 4224 nicht
276 4169 435 4239 geschiehb‚
460 4185 542 4224 weun
565 4186 594 4224 es
616 4168 647 4222 in
700 4184 735 4220 zu
753 4165 935 4221 confirmavit.
960 4195 993 4202 —
1017 4166 1143 4233 monet,
1166 4166 1203 4218 ui
1225 4194 1260 4203 -

86 4240 178 4295 seiner
191 4239 303 4295 Gewolt
316 4241 392 4295 steht
405 4256 434 4294 es
452 4257 486 4293 au
503 4239 646 4295 bewirkeu
699 4238 944 4306 pervagentum
964 4235 1137 4289 daturum:
1157 4234 1260 4289 Ueber·

86 4311 384 4378 oderzuverhindem‚
397 4309 645 4366 wowireinVerb.
699 4324 776 4377 gang
800 4306 830 4360 iu
852 4306 901 4360 der
920 4305 996 4361 Orat.
1017 4306 1074 4361 obl.
1097 4322 1162 4361 vom
1182 4305 1260 4373 Conj.

86 4382 140 4435 mit
167 4382 232 4437 dem
253 4382 356 4437 Infinit.
384 4383 492 4447 semen,
519 4397 577 4436 was
600 4379 646 4434 die
699 4396 763 4432 zum
780 4377 848 4445 Ιώ
868 4377 938 4432 dher
960 4377 1009 4431 die
1024 4376 1181 4430 Ktime'm
1199 4379 1269 4426 hoo-
