<?xml version="1.0" encoding="UTF-8"?>
<!DOCTYPE html PUBLIC "-//W3C//DTD XHTML 1.0 Transitional//EN"
    "http://www.w3.org/TR/xhtml1/DTD/xhtml1-transitional.dtd">
<html xmlns="http://www.w3.org/1999/xhtml" xml:lang="en" lang="en">
 <head>
  <title>
</title>
<meta http-equiv="Content-Type" content="text/html;charset=utf-8" />
  <meta name='ocr-system' content='tesseract 3.04.00' />
  <meta name='ocr-capabilities' content='ocr_page ocr_carea ocr_par ocr_line ocrx_word'/>
</head>
<body>
  <div class='ocr_page' id='page_1' title='image "./ciuliicaesarisc00dobegoog_0122.png"; bbox 0 0 2804 4778; ppageno 0'>
   <div class='ocr_carea' id='block_1_1' title="bbox 164 223 930 292">
    <p class='ocr_par' dir='ltr' id='par_1_1' title="bbox 164 223 930 292">
     <span class='ocr_line' id='line_1_1' title="bbox 164 223 930 292; baseline -0.017 1"><span class='ocrx_word' id='word_1_1' title='bbox 164 229 229 292; x_wconf 87' lang='grc'><strong>100</strong></span> <span class='ocrx_word' id='word_1_2' title='bbox 568 225 616 278; x_wconf 77' lang='lat' dir='ltr'><strong>DE</strong></span> <span class='ocrx_word' id='word_1_3' title='bbox 635 224 753 279; x_wconf 83' lang='lat' dir='ltr'><strong>BELLO</strong></span> <span class='ocrx_word' id='word_1_4' title='bbox 773 223 930 280; x_wconf 79' lang='lat' dir='ltr'><strong>GALLIOO</strong></span> 
     </span>
    </p>
   </div>
   <div class='ocr_carea' id='block_1_2' title="bbox 46 381 1345 1715">
    <p class='ocr_par' dir='ltr' id='par_1_2' title="bbox 46 381 1344 1536">
     <span class='ocr_line' id='line_1_2' title="bbox 46 381 1339 472; baseline -0.001 -14"><span class='ocrx_word' id='word_1_5' title='bbox 46 381 51 392; x_wconf 47' lang='lat'>⁸</span> <span class='ocrx_word' id='word_1_6' title='bbox 129 403 244 458; x_wconf 76' lang='lat' dir='ltr'><strong>acunt.</strong></span> <span class='ocrx_word' id='word_1_7' title='bbox 288 393 414 472; x_wconf 84' lang='lat' dir='ltr'><strong>Reliqui,</strong></span> <span class='ocrx_word' id='word_1_8' title='bbox 438 394 489 470; x_wconf 91' lang='lat' dir='ltr'><strong>qui</strong></span> <span class='ocrx_word' id='word_1_9' title='bbox 513 391 592 451; x_wconf 89' lang='lat' dir='ltr'><strong>domi</strong></span> <span class='ocrx_word' id='word_1_10' title='bbox 611 399 793 471; x_wconf 85' lang='lat' dir='ltr'><strong>manserunt,</strong></span> <span class='ocrx_word' id='word_1_11' title='bbox 817 409 848 450; x_wconf 92' lang='lat' dir='ltr'><strong>se</strong></span> <span class='ocrx_word' id='word_1_12' title='bbox 873 400 960 471; x_wconf 90' lang='lat' dir='ltr'><strong>atque</strong></span> <span class='ocrx_word' id='word_1_13' title='bbox 984 392 1049 452; x_wconf 91' lang='lat' dir='ltr'><strong>illos</strong></span> <span class='ocrx_word' id='word_1_14' title='bbox 1074 394 1164 456; x_wconf 89' lang='lat' dir='ltr'><strong>alunt.</strong></span> <span class='ocrx_word' id='word_1_15' title='bbox 1206 393 1245 457; x_wconf 91' lang='lat' dir='ltr'><strong>Hi</strong></span> <span class='ocrx_word' id='word_1_16' title='bbox 1268 414 1339 457; x_wconf 89' lang='lat' dir='ltr'><strong>rur-</strong></span> 
     </span>
     <span class='ocr_line' id='line_1_3' title="bbox 165 479 1342 559; baseline 0 -13"><span class='ocrx_word' id='word_1_17' title='bbox 165 505 216 546; x_wconf 86' lang='lat' dir='ltr'><strong>sus</strong></span> <span class='ocrx_word' id='word_1_18' title='bbox 239 487 270 546; x_wconf 92' lang='lat' dir='ltr'><strong>in</strong></span> <span class='ocrx_word' id='word_1_19' title='bbox 293 484 387 542; x_wconf 86' lang='lat' dir='ltr'><strong>ricem</strong></span> <span class='ocrx_word' id='word_1_20' title='bbox 416 499 492 541; x_wconf 89' lang='lat' dir='ltr'><strong>auno</strong></span> <span class='ocrx_word' id='word_1_21' title='bbox 516 488 584 558; x_wconf 87' lang='lat' dir='ltr'><strong>post</strong></span> <span class='ocrx_word' id='word_1_22' title='bbox 610 481 755 540; x_wconf 92' lang='lat' dir='ltr'><strong>inarmis</strong></span> <span class='ocrx_word' id='word_1_23' title='bbox 785 488 868 559; x_wconf 85' lang='lat' dir='ltr'><strong>sunt,</strong></span> <span class='ocrx_word' id='word_1_24' title='bbox 896 479 939 540; x_wconf 90' lang='lat' dir='ltr'><strong>illi</strong></span> <span class='ocrx_word' id='word_1_25' title='bbox 969 481 1049 542; x_wconf 90' lang='lat' dir='ltr'><strong>domi</strong></span> <span class='ocrx_word' id='word_1_26' title='bbox 1077 491 1241 546; x_wconf 79' lang='lat' dir='ltr'>remanent.</span> <span class='ocrx_word' id='word_1_27' title='bbox 1289 485 1342 547; x_wconf 89' lang='lat' dir='ltr'><strong>Sic</strong></span> 
     </span>
     <span class='ocr_line' id='line_1_4' title="bbox 130 568 1342 653; baseline -0.002 -17"><span class='ocrx_word' id='word_1_28' title='bbox 130 588 262 653; x_wconf 84' lang='lat' dir='ltr'><strong>oneque</strong></span> <span class='ocrx_word' id='word_1_29' title='bbox 291 570 471 650; x_wconf 83' lang='lat' dir='ltr'><strong>agricultura</strong></span> <span class='ocrx_word' id='word_1_30' title='bbox 499 587 554 628; x_wconf 90' lang='lat' dir='ltr'><strong>nec</strong></span> <span class='ocrx_word' id='word_1_31' title='bbox 585 569 660 628; x_wconf 91' lang='lat' dir='ltr'><strong>ratio</strong></span> <span class='ocrx_word' id='word_1_32' title='bbox 694 576 781 646; x_wconf 87' lang='lat' dir='ltr'><strong>atque</strong></span> <span class='ocrx_word' id='word_1_33' title='bbox 811 586 884 628; x_wconf 91' lang='lat' dir='ltr'><strong>usus</strong></span> <span class='ocrx_word' id='word_1_34' title='bbox 914 568 984 629; x_wconf 91' lang='lat' dir='ltr'><strong>belli</strong></span> <span class='ocrx_word' id='word_1_35' title='bbox 1016 572 1232 634; x_wconf 80' lang='lat' dir='ltr'><strong>intermittitur.</strong></span> <span class='ocrx_word' id='word_1_36' title='bbox 1280 573 1342 634; x_wconf 89' lang='lat' dir='ltr'><strong>Sed</strong></span> 
     </span>
     <span class='ocr_line' id='line_1_5' title="bbox 129 656 1341 743; baseline -0.001 -19"><span class='ocrx_word' id='word_1_37' title='bbox 129 664 269 743; x_wconf 77' lang='lat' dir='ltr'><strong>uprirati</strong></span> <span class='ocrx_word' id='word_1_38' title='bbox 297 679 330 720; x_wconf 92' lang='lat' dir='ltr'><strong>ac</strong></span> <span class='ocrx_word' id='word_1_39' title='bbox 359 660 500 738; x_wconf 52' lang='lat' dir='ltr'><strong>separati,</strong></span> <span class='ocrx_word' id='word_1_40' title='bbox 515 658 579 735; x_wconf 86' lang='lat' dir='ltr'><strong>agri</strong></span> <span class='ocrx_word' id='word_1_41' title='bbox 608 657 685 735; x_wconf 91' lang='lat' dir='ltr'><strong>apud</strong></span> <span class='ocrx_word' id='word_1_42' title='bbox 714 674 765 716; x_wconf 91' lang='lat' dir='ltr'><strong>eos</strong></span> <span class='ocrx_word' id='word_1_43' title='bbox 795 656 868 716; x_wconf 92' lang='lat' dir='ltr'><strong>nihil</strong></span> <span class='ocrx_word' id='word_1_44' title='bbox 896 664 955 739; x_wconf 84' lang='lat' dir='ltr'><strong>est,</strong></span> <span class='ocrx_word' id='word_1_45' title='bbox 985 677 1082 738; x_wconf 90' lang='lat' dir='ltr'><strong>neque</strong></span> <span class='ocrx_word' id='word_1_46' title='bbox 1113 659 1229 740; x_wconf 87' lang='lat' dir='ltr'><strong>longius</strong></span> <span class='ocrx_word' id='word_1_47' title='bbox 1261 680 1341 723; x_wconf 87' lang='lat' dir='ltr'><strong>anno</strong></span> 
     </span>
     <span class='ocr_line' id='line_1_6' title="bbox 128 745 1342 826; baseline -0.001 -13"><span class='ocrx_word' id='word_1_48' title='bbox 128 766 318 814; x_wconf 80' lang='lat' dir='ltr'><strong>aremanere</strong></span> <span class='ocrx_word' id='word_1_49' title='bbox 348 766 409 808; x_wconf 92' lang='lat' dir='ltr'><strong>uno</strong></span> <span class='ocrx_word' id='word_1_50' title='bbox 437 749 468 807; x_wconf 95' lang='lat' dir='ltr'><strong>in</strong></span> <span class='ocrx_word' id='word_1_51' title='bbox 495 746 560 805; x_wconf 93' lang='lat' dir='ltr'><strong>loco</strong></span> <span class='ocrx_word' id='word_1_52' title='bbox 587 745 736 806; x_wconf 90' lang='lat' dir='ltr'><strong>incolendi</strong></span> <span class='ocrx_word' id='word_1_53' title='bbox 760 763 847 806; x_wconf 91' lang='lat' dir='ltr'><strong>causa</strong></span> <span class='ocrx_word' id='word_1_54' title='bbox 876 745 954 807; x_wconf 87' lang='lat' dir='ltr'><strong>lieet.</strong></span> <span class='ocrx_word' id='word_1_55' title='bbox 996 747 1099 826; x_wconf 83' lang='lat' dir='ltr'><strong>Neque</strong></span> <span class='ocrx_word' id='word_1_56' title='bbox 1126 749 1253 811; x_wconf 89' lang='lat' dir='ltr'><strong>multum</strong></span> <span class='ocrx_word' id='word_1_57' title='bbox 1277 751 1342 812; x_wconf 84' lang='lat' dir='ltr'><strong>fru-</strong></span> 
     </span>
     <span class='ocr_line' id='line_1_7' title="bbox 164 833 1342 919; baseline 0.001 -19"><span class='ocrx_word' id='word_1_58' title='bbox 164 849 277 919; x_wconf 86' lang='lat' dir='ltr'><strong>mento,</strong></span> <span class='ocrx_word' id='word_1_59' title='bbox 307 837 359 898; x_wconf 87' lang='lat' dir='ltr'><strong>sed</strong></span> <span class='ocrx_word' id='word_1_60' title='bbox 388 837 543 895; x_wconf 82' lang='lat' dir='ltr'><strong>maximam</strong></span> <span class='ocrx_word' id='word_1_61' title='bbox 570 842 685 913; x_wconf 87' lang='lat' dir='ltr'><strong>partem</strong></span> <span class='ocrx_word' id='word_1_62' title='bbox 713 833 788 894; x_wconf 88' lang='lat' dir='ltr'><strong>laete</strong></span> <span class='ocrx_word' id='word_1_63' title='bbox 820 842 907 912; x_wconf 91' lang='lat' dir='ltr'><strong>atque</strong></span> <span class='ocrx_word' id='word_1_64' title='bbox 936 854 1043 914; x_wconf 89' lang='lat' dir='ltr'><strong>pecore</strong></span> <span class='ocrx_word' id='word_1_65' title='bbox 1073 840 1175 899; x_wconf 85' lang='lat' dir='ltr'><strong>vivunt</strong></span> <span class='ocrx_word' id='word_1_66' title='bbox 1197 838 1342 902; x_wconf 90' lang='lat' dir='ltr'><strong>multum-</strong></span> 
     </span>
     <span class='ocr_line' id='line_1_8' title="bbox 127 922 1343 1008; baseline -0.002 -17"><span class='ocrx_word' id='word_1_67' title='bbox 127 944 220 1008; x_wconf 83' lang='lat' dir='ltr'><strong>9que</strong></span> <span class='ocrx_word' id='word_1_68' title='bbox 250 936 320 988; x_wconf 89' lang='lat' dir='ltr'><strong>sunt</strong></span> <span class='ocrx_word' id='word_1_69' title='bbox 348 927 378 985; x_wconf 92' lang='lat' dir='ltr'><strong>in</strong></span> <span class='ocrx_word' id='word_1_70' title='bbox 408 922 628 1003; x_wconf 80' lang='lat' dir='ltr'><strong>venationibus3</strong></span> <span class='ocrx_word' id='word_1_71' title='bbox 657 940 731 1002; x_wconf 91' lang='lat' dir='ltr'><strong>quae</strong></span> <span class='ocrx_word' id='word_1_72' title='bbox 759 940 809 982; x_wconf 91' lang='lat' dir='ltr'><strong>res</strong></span> <span class='ocrx_word' id='word_1_73' title='bbox 839 930 868 983; x_wconf 91' lang='lat' dir='ltr'><strong>et</strong></span> <span class='ocrx_word' id='word_1_74' title='bbox 896 922 955 983; x_wconf 89' lang='lat' dir='ltr'><strong>cibi</strong></span> <span class='ocrx_word' id='word_1_75' title='bbox 986 942 1095 1003; x_wconf 88' lang='lat' dir='ltr'><strong>genere</strong></span> <span class='ocrx_word' id='word_1_76' title='bbox 1130 934 1159 987; x_wconf 91' lang='lat' dir='ltr'><strong>et</strong></span> <span class='ocrx_word' id='word_1_77' title='bbox 1192 927 1343 990; x_wconf 90' lang='lat' dir='ltr'><strong>cotidiana</strong></span> 
     </span>
     <span class='ocr_line' id='line_1_9' title="bbox 164 1011 1343 1091; baseline 0.001 -13"><span class='ocrx_word' id='word_1_78' title='bbox 164 1017 376 1077; x_wconf 80' lang='lat' dir='ltr'><strong>exercitatione</strong></span> <span class='ocrx_word' id='word_1_79' title='bbox 410 1021 440 1072; x_wconf 89' lang='lat' dir='ltr'><strong>et</strong></span> <span class='ocrx_word' id='word_1_80' title='bbox 467 1011 603 1085; x_wconf 89' lang='lat' dir='ltr'><strong>libertate</strong></span> <span class='ocrx_word' id='word_1_81' title='bbox 637 1014 727 1090; x_wconf 89' lang='lat' dir='ltr'><strong>vitae,</strong></span> <span class='ocrx_word' id='word_1_82' title='bbox 760 1029 829 1071; x_wconf 91' lang='lat' dir='ltr'><strong>cnm</strong></span> <span class='ocrx_word' id='word_1_83' title='bbox 861 1029 877 1071; x_wconf 93' lang='lat' dir='ltr'><strong>a</strong></span> <span class='ocrx_word' id='word_1_84' title='bbox 906 1015 1008 1091; x_wconf 89' lang='lat' dir='ltr'><strong>pueris</strong></span> <span class='ocrx_word' id='word_1_85' title='bbox 1041 1013 1122 1074; x_wconf 91' lang='lat' dir='ltr'><strong>nullo</strong></span> <span class='ocrx_word' id='word_1_86' title='bbox 1156 1015 1255 1078; x_wconf 87' lang='lat' dir='ltr'><strong>officio</strong></span> <span class='ocrx_word' id='word_1_87' title='bbox 1289 1026 1343 1080; x_wconf 90' lang='lat' dir='ltr'><strong>aut</strong></span> 
     </span>
     <span class='ocr_line' id='line_1_10' title="bbox 163 1099 1344 1187; baseline 0.001 -21"><span class='ocrx_word' id='word_1_88' title='bbox 163 1105 318 1184; x_wconf 85' lang='lat' dir='ltr'><strong>disciplina</strong></span> <span class='ocrx_word' id='word_1_89' title='bbox 350 1101 508 1161; x_wconf 82' lang='lat' dir='ltr'><strong>assuefacti</strong></span> <span class='ocrx_word' id='word_1_90' title='bbox 543 1099 615 1160; x_wconf 92' lang='lat' dir='ltr'><strong>nihil</strong></span> <span class='ocrx_word' id='word_1_91' title='bbox 651 1101 770 1159; x_wconf 92' lang='lat' dir='ltr'><strong>omnino</strong></span> <span class='ocrx_word' id='word_1_92' title='bbox 802 1108 905 1160; x_wconf 90' lang='lat' dir='ltr'><strong>contra</strong></span> <span class='ocrx_word' id='word_1_93' title='bbox 940 1101 1122 1163; x_wconf 89' lang='lat' dir='ltr'><strong>voluntatem</strong></span> <span class='ocrx_word' id='word_1_94' title='bbox 1152 1103 1275 1187; x_wconf 86' lang='lat' dir='ltr'><strong>faciant,</strong></span> <span class='ocrx_word' id='word_1_95' title='bbox 1313 1116 1344 1167; x_wconf 90' lang='lat' dir='ltr'><strong>et</strong></span> 
     </span>
     <span class='ocr_line' id='line_1_11' title="bbox 111 1188 1344 1274; baseline 0 -18"><span class='ocrx_word' id='word_1_96' title='bbox 111 1208 145 1256; x_wconf 90' lang='lat'><strong>10</strong></span> <span class='ocrx_word' id='word_1_97' title='bbox 165 1198 243 1254; x_wconf 86' lang='lat' dir='ltr'><strong>vires</strong></span> <span class='ocrx_word' id='word_1_98' title='bbox 267 1192 318 1253; x_wconf 91' lang='lat' dir='ltr'><strong>alit</strong></span> <span class='ocrx_word' id='word_1_99' title='bbox 346 1197 375 1250; x_wconf 87' lang='lat' dir='ltr'><strong>et</strong></span> <span class='ocrx_word' id='word_1_100' title='bbox 399 1191 519 1248; x_wconf 92' lang='lat' dir='ltr'><strong>immani</strong></span> <span class='ocrx_word' id='word_1_101' title='bbox 542 1207 702 1266; x_wconf 91' lang='lat' dir='ltr'><strong>corporum</strong></span> <span class='ocrx_word' id='word_1_102' title='bbox 723 1188 923 1268; x_wconf 87' lang='lat' dir='ltr'><strong>magnitudine</strong></span> <span class='ocrx_word' id='word_1_103' title='bbox 947 1189 1082 1251; x_wconf 88' lang='lat' dir='ltr'><strong>homines</strong></span> <span class='ocrx_word' id='word_1_104' title='bbox 1102 1192 1202 1253; x_wconf 84' lang='lat' dir='ltr'><strong>elficit.</strong></span> <span class='ocrx_word' id='word_1_105' title='bbox 1243 1195 1344 1274; x_wconf 81' lang='lat' dir='ltr'><strong>Atque</strong></span> 
     </span>
     <span class='ocr_line' id='line_1_12' title="bbox 165 1276 1342 1363; baseline 0.001 -20"><span class='ocrx_word' id='word_1_106' title='bbox 165 1285 195 1343; x_wconf 92' lang='lat' dir='ltr'><strong>in</strong></span> <span class='ocrx_word' id='word_1_107' title='bbox 220 1299 285 1342; x_wconf 91' lang='lat' dir='ltr'><strong>eam</strong></span> <span class='ocrx_word' id='word_1_108' title='bbox 308 1298 340 1340; x_wconf 89' lang='lat' dir='ltr'><strong>se</strong></span> <span class='ocrx_word' id='word_1_109' title='bbox 364 1277 611 1338; x_wconf 88' lang='lat' dir='ltr'><strong>consuetudinem</strong></span> <span class='ocrx_word' id='word_1_110' title='bbox 634 1276 835 1356; x_wconf 87' lang='lat' dir='ltr'><strong>adduxerunt,</strong></span> <span class='ocrx_word' id='word_1_111' title='bbox 864 1286 897 1338; x_wconf 92' lang='lat' dir='ltr'><strong>ut</strong></span> <span class='ocrx_word' id='word_1_112' title='bbox 920 1277 993 1338; x_wconf 93' lang='lat' dir='ltr'><strong>locis</strong></span> <span class='ocrx_word' id='word_1_113' title='bbox 1017 1280 1217 1359; x_wconf 82' lang='lat' dir='ltr'><strong>frigidissimis</strong></span> <span class='ocrx_word' id='word_1_114' title='bbox 1240 1300 1342 1363; x_wconf 90' lang='lat' dir='ltr'><strong>neque</strong></span> 
     </span>
     <span class='ocr_line' id='line_1_13' title="bbox 164 1363 1342 1452; baseline 0.002 -22"><span class='ocrx_word' id='word_1_115' title='bbox 164 1373 289 1431; x_wconf 86' lang='lat' dir='ltr'><strong>restitus</strong></span> <span class='ocrx_word' id='word_1_116' title='bbox 302 1363 431 1447; x_wconf 82' lang='lat' dir='ltr'><strong>praeter</strong></span> <span class='ocrx_word' id='word_1_117' title='bbox 454 1365 538 1446; x_wconf 92' lang='lat' dir='ltr'><strong>pellis</strong></span> <span class='ocrx_word' id='word_1_118' title='bbox 562 1365 707 1427; x_wconf 89' lang='lat' dir='ltr'><strong>haberent</strong></span> <span class='ocrx_word' id='word_1_119' title='bbox 730 1367 904 1446; x_wconf 89' lang='lat' dir='ltr'><strong>quiequam,</strong></span> <span class='ocrx_word' id='word_1_120' title='bbox 929 1385 1056 1445; x_wconf 90' lang='lat' dir='ltr'><strong>quarum</strong></span> <span class='ocrx_word' id='word_1_121' title='bbox 1078 1377 1202 1449; x_wconf 88' lang='lat' dir='ltr'><strong>propter</strong></span> <span class='ocrx_word' id='word_1_122' title='bbox 1225 1373 1342 1452; x_wconf 86' lang='lat' dir='ltr'><strong>exigui-</strong></span> 
     </span>
     <span class='ocr_line' id='line_1_14' title="bbox 165 1455 1343 1536; baseline 0.001 -16"><span class='ocrx_word' id='word_1_123' title='bbox 165 1467 255 1520; x_wconf 88' lang='lat' dir='ltr'><strong>tatem</strong></span> <span class='ocrx_word' id='word_1_124' title='bbox 279 1473 383 1536; x_wconf 90' lang='lat' dir='ltr'><strong>magna</strong></span> <span class='ocrx_word' id='word_1_125' title='bbox 406 1463 452 1515; x_wconf 93' lang='lat' dir='ltr'><strong>est</strong></span> <span class='ocrx_word' id='word_1_126' title='bbox 476 1457 610 1533; x_wconf 90' lang='lat' dir='ltr'><strong>corporis</strong></span> <span class='ocrx_word' id='word_1_127' title='bbox 632 1472 702 1535; x_wconf 90' lang='lat' dir='ltr'><strong>pars</strong></span> <span class='ocrx_word' id='word_1_128' title='bbox 726 1463 836 1534; x_wconf 89' lang='lat' dir='ltr'><strong>aperta,</strong></span> <span class='ocrx_word' id='word_1_129' title='bbox 860 1462 890 1515; x_wconf 92' lang='lat' dir='ltr'><strong>ct</strong></span> <span class='ocrx_word' id='word_1_130' title='bbox 912 1455 1082 1517; x_wconf 90' lang='lat' dir='ltr'><strong>lavarentur</strong></span> <span class='ocrx_word' id='word_1_131' title='bbox 1104 1459 1136 1518; x_wconf 93' lang='lat' dir='ltr'><strong>in</strong></span> <span class='ocrx_word' id='word_1_132' title='bbox 1156 1457 1343 1522; x_wconf 84' lang='lat' dir='ltr'><strong>fluminibus.</strong></span> 
     </span>
    </p>

    <p class='ocr_par' dir='ltr' id='par_1_3' title="bbox 252 1542 1341 1631">
     <span class='ocr_line' id='line_1_15' title="bbox 252 1542 1341 1631; baseline 0.004 -25"><span class='ocrx_word' id='word_1_133' title='bbox 252 1544 281 1607; x_wconf 79' lang='lat'><strong>2.</strong></span> <span class='ocrx_word' id='word_1_134' title='bbox 305 1543 520 1606; x_wconf 85' lang='lat' dir='ltr'><strong>Mercatoribus</strong></span> <span class='ocrx_word' id='word_1_135' title='bbox 545 1552 590 1604; x_wconf 88' lang='lat' dir='ltr'><strong>est</strong></span> <span class='ocrx_word' id='word_1_136' title='bbox 613 1542 710 1605; x_wconf 88' lang='lat' dir='ltr'><strong>aditus</strong></span> <span class='ocrx_word' id='word_1_137' title='bbox 734 1545 827 1622; x_wconf 89' lang='lat' dir='ltr'><strong>magis</strong></span> <span class='ocrx_word' id='word_1_138' title='bbox 851 1562 896 1622; x_wconf 93' lang='lat' dir='ltr'><strong>eo,</strong></span> <span class='ocrx_word' id='word_1_139' title='bbox 919 1552 968 1624; x_wconf 85' lang='lat' dir='ltr'><strong>ut,</strong></span> <span class='ocrx_word' id='word_1_140' title='bbox 992 1564 1067 1624; x_wconf 91' lang='lat' dir='ltr'><strong>quae</strong></span> <span class='ocrx_word' id='word_1_141' title='bbox 1091 1544 1168 1606; x_wconf 90' lang='lat' dir='ltr'><strong>bello</strong></span> <span class='ocrx_word' id='word_1_142' title='bbox 1193 1551 1341 1631; x_wconf 88' lang='lat' dir='ltr'><strong>ceperint,</strong></span> 
     </span>
    </p>

    <p class='ocr_par' dir='ltr' id='par_1_4' title="bbox 165 1631 1345 1715">
     <span class='ocr_line' id='line_1_16' title="bbox 165 1631 1345 1715; baseline 0.003 -19"><span class='ocrx_word' id='word_1_143' title='bbox 165 1634 273 1715; x_wconf 90' lang='lat' dir='ltr'><strong>quibus</strong></span> <span class='ocrx_word' id='word_1_144' title='bbox 300 1634 440 1706; x_wconf 85' lang='lat' dir='ltr'><strong>vendant,</strong></span> <span class='ocrx_word' id='word_1_145' title='bbox 469 1631 609 1712; x_wconf 89' lang='lat' dir='ltr'><strong>habeant,</strong></span> <span class='ocrx_word' id='word_1_146' title='bbox 637 1649 726 1710; x_wconf 91' lang='lat' dir='ltr'><strong>qnam</strong></span> <span class='ocrx_word' id='word_1_147' title='bbox 755 1649 814 1710; x_wconf 93' lang='lat' dir='ltr'><strong>quo</strong></span> <span class='ocrx_word' id='word_1_148' title='bbox 848 1631 938 1692; x_wconf 91' lang='lat' dir='ltr'><strong>ullam</strong></span> <span class='ocrx_word' id='word_1_149' title='bbox 965 1651 1029 1693; x_wconf 93' lang='lat' dir='ltr'><strong>rem</strong></span> <span class='ocrx_word' id='word_1_150' title='bbox 1061 1633 1096 1693; x_wconf 94' lang='lat' dir='ltr'><strong>ad</strong></span> <span class='ocrx_word' id='word_1_151' title='bbox 1125 1652 1156 1695; x_wconf 92' lang='lat' dir='ltr'><strong>se</strong></span> <span class='ocrx_word' id='word_1_152' title='bbox 1185 1637 1345 1715; x_wconf 84' lang='lat' dir='ltr'><strong>importari</strong></span> 
     </span>
    </p>
   </div>
   <div class='ocr_carea' id='block_1_3' title="bbox 90 1836 1354 4466">
    <p class='ocr_par' dir='ltr' id='par_1_5' title="bbox 90 1836 1354 4466">
     <span class='ocr_line' id='line_1_17' title="bbox 163 1836 1344 1909; baseline 0.002 -15"><span class='ocrx_word' id='word_1_153' title='bbox 163 1840 208 1894; x_wconf 93' lang='lat' dir='ltr'><strong>die</strong></span> <span class='ocrx_word' id='word_1_154' title='bbox 224 1839 337 1894; x_wconf 83' lang='lat' dir='ltr'><strong>Grenze.</strong></span> <span class='ocrx_word' id='word_1_155' title='bbox 353 1869 387 1878; x_wconf 93' lang='lat'><em>-</em></span> <span class='ocrx_word' id='word_1_156' title='bbox 402 1843 426 1891; x_wconf 82' lang='lat'><strong>5.</strong></span> <span class='ocrx_word' id='word_1_157' title='bbox 446 1836 599 1906; x_wconf 88' lang='lat' dir='ltr'><strong>Reliqui,</strong></span> <span class='ocrx_word' id='word_1_158' title='bbox 618 1837 675 1904; x_wconf 86' lang='lat' dir='ltr'><strong>qui</strong></span> <span class='ocrx_word' id='word_1_159' title='bbox 690 1865 723 1877; x_wconf 87' lang='lat'><em>-</em></span> <span class='ocrx_word' id='word_1_160' title='bbox 779 1837 905 1907; x_wconf 85' lang='lat' dir='ltr'><strong>dagegen</strong></span> <span class='ocrx_word' id='word_1_161' title='bbox 915 1845 940 1905; x_wconf 88' lang='lat'><strong>3,</strong></span> <span class='ocrx_word' id='word_1_162' title='bbox 952 1843 984 1892; x_wconf 82' lang='lat'><strong>18</strong></span> <span class='ocrx_word' id='word_1_163' title='bbox 1000 1856 1033 1892; x_wconf 84' lang='lat' dir='ltr'><strong>zu</strong></span> <span class='ocrx_word' id='word_1_164' title='bbox 1046 1841 1138 1894; x_wconf 86' lang='lat' dir='ltr'><strong>castra</strong></span> <span class='ocrx_word' id='word_1_165' title='bbox 1151 1838 1187 1894; x_wconf 89' lang='lat' dir='ltr'><strong>iri</strong></span> <span class='ocrx_word' id='word_1_166' title='bbox 1201 1840 1344 1909; x_wconf 76' lang='lat' dir='ltr'><strong>oportere.</strong></span> 
     </span>
     <span class='ocr_line' id='line_1_18' title="bbox 162 1908 1345 1979; baseline 0.002 -15"><span class='ocrx_word' id='word_1_167' title='bbox 162 1911 372 1965; x_wconf 86' lang='lat' dir='ltr'><strong>manserunt:</strong></span> <span class='ocrx_word' id='word_1_168' title='bbox 404 1908 442 1963; x_wconf 84' lang='lat' dir='ltr'><strong>ist</strong></span> <span class='ocrx_word' id='word_1_169' title='bbox 474 1925 529 1962; x_wconf 85' lang='lat' dir='ltr'><strong>ron</strong></span> <span class='ocrx_word' id='word_1_170' title='bbox 561 1911 646 1962; x_wconf 84' lang='lat' dir='ltr'><strong>etwas</strong></span> <span class='ocrx_word' id='word_1_171' title='bbox 678 1908 724 1962; x_wconf 89' lang='lat' dir='ltr'><strong>die</strong></span> <span class='ocrx_word' id='word_1_172' title='bbox 778 1909 1046 1963; x_wconf 85' lang='lat' dir='ltr'><strong>-8.msximam</strong></span> <span class='ocrx_word' id='word_1_173' title='bbox 1060 1913 1205 1979; x_wconf 88' lang='lat' dir='ltr'><strong>partem:</strong></span> <span class='ocrx_word' id='word_1_174' title='bbox 1220 1909 1345 1966; x_wconf 86' lang='lat' dir='ltr'><strong>einAco.</strong></span> 
     </span>
     <span class='ocr_line' id='line_1_19' title="bbox 162 1979 1346 2050; baseline 0.003 -15"><span class='ocrx_word' id='word_1_175' title='bbox 162 1983 254 2050; x_wconf 83' lang='lat' dir='ltr'><strong>Rode,</strong></span> <span class='ocrx_word' id='word_1_176' title='bbox 271 1981 321 2035; x_wconf 87' lang='lat' dir='ltr'><strong>das</strong></span> <span class='ocrx_word' id='word_1_177' title='bbox 341 1980 400 2034; x_wconf 87' lang='lat' dir='ltr'><strong>sich</strong></span> <span class='ocrx_word' id='word_1_178' title='bbox 423 1979 589 2034; x_wconf 86' lang='lat' dir='ltr'><strong>wiederholt</strong></span> <span class='ocrx_word' id='word_1_179' title='bbox 612 1979 668 2033; x_wconf 88' lang='lat' dir='ltr'><strong>und</strong></span> <span class='ocrx_word' id='word_1_180' title='bbox 691 1997 725 2032; x_wconf 82' lang='lat' dir='ltr'><strong>zu</strong></span> <span class='ocrx_word' id='word_1_181' title='bbox 779 1979 924 2034; x_wconf 85' lang='lat' dir='ltr'><strong>absolutus</strong></span> <span class='ocrx_word' id='word_1_182' title='bbox 955 1980 995 2033; x_wconf 90' lang='lat' dir='ltr'><strong>im</strong></span> <span class='ocrx_word' id='word_1_183' title='bbox 1028 1980 1219 2036; x_wconf 81' lang='lat' dir='ltr'><strong>adverbiellon</strong></span> <span class='ocrx_word' id='word_1_184' title='bbox 1247 1980 1346 2050; x_wconf 83' lang='lat' dir='ltr'><strong>Sinne,</strong></span> 
     </span>
     <span class='ocr_line' id='line_1_20' title="bbox 162 2050 1345 2122; baseline -0.002 -14"><span class='ocrx_word' id='word_1_185' title='bbox 162 2053 317 2122; x_wconf 86' lang='lat' dir='ltr'><strong>geschehen</strong></span> <span class='ocrx_word' id='word_1_186' title='bbox 341 2051 441 2121; x_wconf 86' lang='lat' dir='ltr'><strong>pflegt,</strong></span> <span class='ocrx_word' id='word_1_187' title='bbox 466 2067 496 2105; x_wconf 92' lang='lat' dir='ltr'><strong>so</strong></span> <span class='ocrx_word' id='word_1_188' title='bbox 520 2050 596 2104; x_wconf 89' lang='lat' dir='ltr'><strong>steht</strong></span> <span class='ocrx_word' id='word_1_189' title='bbox 617 2051 652 2108; x_wconf 88' lang='lat' dir='ltr'><strong>in</strong></span> <span class='ocrx_word' id='word_1_190' title='bbox 670 2050 725 2104; x_wconf 89' lang='lat' dir='ltr'><strong>den</strong></span> <span class='ocrx_word' id='word_1_191' title='bbox 779 2050 832 2104; x_wconf 82' lang='lat' dir='ltr'><strong>wie</strong></span> <span class='ocrx_word' id='word_1_192' title='bbox 851 2051 923 2105; x_wconf 88' lang='lat' dir='ltr'><strong>auch</strong></span> <span class='ocrx_word' id='word_1_193' title='bbox 942 2051 992 2105; x_wconf 86' lang='lat' dir='ltr'><strong>das</strong></span> <span class='ocrx_word' id='word_1_194' title='bbox 1011 2050 1142 2121; x_wconf 87' lang='lat' dir='ltr'><strong>folgende</strong></span> <span class='ocrx_word' id='word_1_195' title='bbox 1160 2052 1291 2107; x_wconf 87' lang='lat' dir='ltr'><strong>multum.</strong></span> <span class='ocrx_word' id='word_1_196' title='bbox 1310 2083 1345 2092; x_wconf 95' lang='lat'>—</span> 
     </span>
     <span class='ocr_line' id='line_1_21' title="bbox 162 2121 1346 2194; baseline -0.001 -15"><span class='ocrx_word' id='word_1_197' title='bbox 162 2124 357 2179; x_wconf 83' lang='lat' dir='ltr'><strong>Nebenstttzen</strong></span> <span class='ocrx_word' id='word_1_198' title='bbox 375 2123 428 2175; x_wconf 91' lang='lat' dir='ltr'><strong>mit</strong></span> <span class='ocrx_word' id='word_1_199' title='bbox 446 2122 503 2189; x_wconf 87' lang='lat' dir='ltr'><strong>qui,</strong></span> <span class='ocrx_word' id='word_1_200' title='bbox 519 2138 591 2188; x_wconf 86' lang='lat' dir='ltr'><strong>cum,</strong></span> <span class='ocrx_word' id='word_1_201' title='bbox 610 2121 641 2191; x_wconf 90' lang='lat' dir='ltr'><strong>si,</strong></span> <span class='ocrx_word' id='word_1_202' title='bbox 657 2137 724 2188; x_wconf 89' lang='lat' dir='ltr'><strong>quo·</strong></span> <span class='ocrx_word' id='word_1_203' title='bbox 778 2137 914 2191; x_wconf 86' lang='lat' dir='ltr'><strong>pecore:</strong></span> <span class='ocrx_word' id='word_1_204' title='bbox 938 2121 983 2176; x_wconf 87' lang='lat' dir='ltr'><strong>die</strong></span> <span class='ocrx_word' id='word_1_205' title='bbox 1002 2122 1214 2192; x_wconf 81' lang='lat' dir='ltr'><strong>Uebersetnung</strong></span> <span class='ocrx_word' id='word_1_206' title='bbox 1230 2122 1277 2176; x_wconf 80' lang='lat' dir='ltr'><strong>for</strong></span> <span class='ocrx_word' id='word_1_207' title='bbox 1290 2122 1346 2194; x_wconf 70' lang='lat' dir='ltr'><strong>&#39;pe-</strong></span> 
     </span>
     <span class='ocr_line' id='line_1_22' title="bbox 162 2191 1346 2262; baseline 0.001 -13"><span class='ocrx_word' id='word_1_208' title='bbox 162 2195 231 2262; x_wconf 87' lang='lat' dir='ltr'><strong>ties‚</strong></span> <span class='ocrx_word' id='word_1_209' title='bbox 254 2194 304 2247; x_wconf 87' lang='lat' dir='ltr'><strong>ubi</strong></span> <span class='ocrx_word' id='word_1_210' title='bbox 322 2211 348 2245; x_wconf 91' lang='lat' dir='ltr'><strong>u.</strong></span> <span class='ocrx_word' id='word_1_211' title='bbox 370 2211 392 2248; x_wconf 91' lang='lat' dir='ltr'><strong>s.</strong></span> <span class='ocrx_word' id='word_1_212' title='bbox 410 2210 444 2245; x_wconf 85' lang='lat' dir='ltr'><strong>w.</strong></span> <span class='ocrx_word' id='word_1_213' title='bbox 468 2193 517 2246; x_wconf 87' lang='lat' dir='ltr'><strong>der</strong></span> <span class='ocrx_word' id='word_1_214' title='bbox 539 2192 624 2246; x_wconf 89' lang='lat' dir='ltr'><strong>Indic.</strong></span> <span class='ocrx_word' id='word_1_215' title='bbox 643 2191 725 2260; x_wconf 64' lang='lat' dir='ltr'><strong>Perf,</strong></span> <span class='ocrx_word' id='word_1_216' title='bbox 780 2208 843 2247; x_wconf 87' lang='lat' dir='ltr'><strong>core</strong></span> <span class='ocrx_word' id='word_1_217' title='bbox 861 2192 924 2262; x_wconf 81' lang='lat' dir='ltr'><strong>gibt</strong></span> <span class='ocrx_word' id='word_1_218' title='bbox 942 2199 966 2261; x_wconf 79' lang='grc' dir='ltr'><strong>ὅ,</strong></span> <span class='ocrx_word' id='word_1_219' title='bbox 987 2199 1033 2247; x_wconf 84' lang='lat'><strong>14:</strong></span> <span class='ocrx_word' id='word_1_220' title='bbox 1057 2193 1130 2248; x_wconf 85' lang='lat' dir='ltr'><strong>lacta</strong></span> <span class='ocrx_word' id='word_1_221' title='bbox 1151 2195 1181 2248; x_wconf 88' lang='lat' dir='ltr'><strong>et</strong></span> <span class='ocrx_word' id='word_1_222' title='bbox 1198 2209 1284 2249; x_wconf 75' lang='lat' dir='ltr'><strong>carne</strong></span> <span class='ocrx_word' id='word_1_223' title='bbox 1302 2194 1346 2250; x_wconf 82' lang='lat' dir='ltr'><strong>vi-</strong></span> 
     </span>
     <span class='ocr_line' id='line_1_23' title="bbox 163 2262 1346 2333; baseline 0.001 -14"><span class='ocrx_word' id='word_1_224' title='bbox 163 2282 244 2319; x_wconf 87' lang='lat' dir='ltr'><strong>wenn</strong></span> <span class='ocrx_word' id='word_1_225' title='bbox 260 2262 725 2332; x_wconf 85' lang='lat' dir='ltr'><strong>dieHandlungdesNebensatzes</strong></span> <span class='ocrx_word' id='word_1_226' title='bbox 779 2265 856 2318; x_wconf 84' lang='lat' dir='ltr'><strong>runt.</strong></span> <span class='ocrx_word' id='word_1_227' title='bbox 881 2295 914 2303; x_wconf 95' lang='lat'>-</span> <span class='ocrx_word' id='word_1_228' title='bbox 939 2269 963 2318; x_wconf 86' lang='grc'><strong>9.</strong></span> <span class='ocrx_word' id='word_1_229' title='bbox 990 2280 1076 2333; x_wconf 88' lang='lat' dir='ltr'><strong>quae</strong></span> <span class='ocrx_word' id='word_1_230' title='bbox 1100 2281 1153 2318; x_wconf 87' lang='lat' dir='ltr'><strong>res</strong></span> <span class='ocrx_word' id='word_1_231' title='bbox 1179 2266 1253 2319; x_wconf 81' lang='lat' dir='ltr'><strong>eta:</strong></span> <span class='ocrx_word' id='word_1_232' title='bbox 1284 2264 1346 2320; x_wconf 88' lang='lat' dir='ltr'><strong>dies</strong></span> 
     </span>
     <span class='ocr_line' id='line_1_24' title="bbox 163 2333 1346 2406; baseline 0.001 -16"><span class='ocrx_word' id='word_1_233' title='bbox 163 2338 205 2390; x_wconf 87' lang='lat' dir='ltr'><strong>als</strong></span> <span class='ocrx_word' id='word_1_234' title='bbox 234 2335 283 2389; x_wconf 90' lang='lat' dir='ltr'><strong>der</strong></span> <span class='ocrx_word' id='word_1_235' title='bbox 315 2334 363 2387; x_wconf 92' lang='lat' dir='ltr'><strong>des</strong></span> <span class='ocrx_word' id='word_1_236' title='bbox 394 2334 581 2403; x_wconf 83' lang='lat' dir='ltr'><strong>Hauptsatzes</strong></span> <span class='ocrx_word' id='word_1_237' title='bbox 613 2349 726 2388; x_wconf 85' lang='lat' dir='ltr'><strong>vorans·</strong></span> <span class='ocrx_word' id='word_1_238' title='bbox 780 2334 816 2402; x_wconf 89' lang='lat' dir='ltr'><strong>(d.</strong></span> <span class='ocrx_word' id='word_1_239' title='bbox 831 2333 849 2388; x_wconf 88' lang='lat' dir='ltr'><strong>i.</strong></span> <span class='ocrx_word' id='word_1_240' title='bbox 869 2334 989 2388; x_wconf 88' lang='lat' dir='ltr'><strong>multum</strong></span> <span class='ocrx_word' id='word_1_241' title='bbox 1008 2351 1067 2389; x_wconf 90' lang='lat' dir='ltr'><strong>esse</strong></span> <span class='ocrx_word' id='word_1_242' title='bbox 1085 2335 1116 2389; x_wconf 92' lang='lat' dir='ltr'><strong>in</strong></span> <span class='ocrx_word' id='word_1_243' title='bbox 1134 2333 1346 2406; x_wconf 78' lang='lat' dir='ltr'><strong>renaldonibus)</strong></span> 
     </span>
     <span class='ocr_line' id='line_1_25' title="bbox 164 2404 1347 2475; baseline 0.002 -15"><span class='ocrx_word' id='word_1_244' title='bbox 164 2405 274 2475; x_wconf 90' lang='lat' dir='ltr'><strong>gehend</strong></span> <span class='ocrx_word' id='word_1_245' title='bbox 296 2423 330 2458; x_wconf 83' lang='lat' dir='ltr'><strong>zu</strong></span> <span class='ocrx_word' id='word_1_246' title='bbox 352 2404 462 2458; x_wconf 83' lang='lat' dir='ltr'><strong>denhen</strong></span> <span class='ocrx_word' id='word_1_247' title='bbox 484 2405 534 2471; x_wconf 87' lang='lat' dir='ltr'><strong>ist,</strong></span> <span class='ocrx_word' id='word_1_248' title='bbox 561 2404 648 2458; x_wconf 85' lang='lat' dir='ltr'><strong>daher</strong></span> <span class='ocrx_word' id='word_1_249' title='bbox 664 2404 726 2458; x_wconf 90' lang='lat' dir='ltr'><strong>hier</strong></span> <span class='ocrx_word' id='word_1_250' title='bbox 779 2404 942 2458; x_wconf 86' lang='lat' dir='ltr'><strong>verbunden</strong></span> <span class='ocrx_word' id='word_1_251' title='bbox 965 2405 1072 2460; x_wconf 88' lang='lat' dir='ltr'><strong>sowohl</strong></span> <span class='ocrx_word' id='word_1_252' title='bbox 1094 2405 1147 2460; x_wconf 91' lang='lat' dir='ltr'><strong>mit</strong></span> <span class='ocrx_word' id='word_1_253' title='bbox 1167 2423 1194 2460; x_wconf 89' lang='lat' dir='ltr'><strong>u.</strong></span> <span class='ocrx_word' id='word_1_254' title='bbox 1213 2422 1235 2460; x_wconf 87' lang='lat' dir='ltr'><strong>e.</strong></span> <span class='ocrx_word' id='word_1_255' title='bbox 1253 2425 1290 2462; x_wconf 80' lang='lat' dir='ltr'><strong>w.</strong></span> <span class='ocrx_word' id='word_1_256' title='bbox 1309 2437 1347 2447; x_wconf 97' lang='lat'>-</span> 
     </span>
     <span class='ocr_line' id='line_1_26' title="bbox 163 2475 1347 2546; baseline 0 -15"><span class='ocrx_word' id='word_1_257' title='bbox 163 2477 338 2541; x_wconf 77' lang='lat' dir='ltr'><strong>manserunt3</strong></span> <span class='ocrx_word' id='word_1_258' title='bbox 367 2475 495 2546; x_wconf 87' lang='lat' dir='ltr'><strong>dagegen</strong></span> <span class='ocrx_word' id='word_1_259' title='bbox 521 2476 609 2544; x_wconf 78' lang='lat' dir='ltr'><strong>vergi,</strong></span> <span class='ocrx_word' id='word_1_260' title='bbox 636 2481 665 2541; x_wconf 87' lang='lat'><strong>3,</strong></span> <span class='ocrx_word' id='word_1_261' title='bbox 693 2480 724 2528; x_wconf 78' lang='lat'><strong>12</strong></span> <span class='ocrx_word' id='word_1_262' title='bbox 780 2476 862 2530; x_wconf 88' lang='lat' dir='ltr'><strong>cibi:</strong></span> <span class='ocrx_word' id='word_1_263' title='bbox 881 2476 1009 2531; x_wconf 86' lang='lat' dir='ltr'><strong>Kost.-</strong></span> <span class='ocrx_word' id='word_1_264' title='bbox 1028 2476 1296 2532; x_wconf 80' lang='lat' dir='ltr'><strong>exercitatione:</strong></span> <span class='ocrx_word' id='word_1_265' title='bbox 1314 2477 1347 2532; x_wconf 88' lang='lat' dir='ltr'><strong>in</strong></span> 
     </span>
     <span class='ocr_line' id='line_1_27' title="bbox 165 2545 1349 2616; baseline 0.002 -14"><span class='ocrx_word' id='word_1_266' title='bbox 165 2565 228 2602; x_wconf 89' lang='lat' dir='ltr'><strong>cum</strong></span> <span class='ocrx_word' id='word_1_267' title='bbox 247 2579 280 2587; x_wconf 92' lang='lat'>—</span> <span class='ocrx_word' id='word_1_268' title='bbox 301 2546 484 2600; x_wconf 86' lang='lat' dir='ltr'><strong>incitavisset.</strong></span> <span class='ocrx_word' id='word_1_269' title='bbox 508 2575 543 2585; x_wconf 90' lang='lat'>—</span> <span class='ocrx_word' id='word_1_270' title='bbox 566 2562 600 2599; x_wconf 89' lang='lat' dir='ltr'><strong>se</strong></span> <span class='ocrx_word' id='word_1_271' title='bbox 623 2547 725 2613; x_wconf 88' lang='lat' dir='ltr'><strong>atque</strong></span> <span class='ocrx_word' id='word_1_272' title='bbox 780 2545 1006 2602; x_wconf 84' lang='lat' dir='ltr'><strong>denWaffen.-</strong></span> <span class='ocrx_word' id='word_1_273' title='bbox 1021 2565 1039 2603; x_wconf 91' lang='lat' dir='ltr'><strong>a</strong></span> <span class='ocrx_word' id='word_1_274' title='bbox 1053 2547 1181 2616; x_wconf 84' lang='lat' dir='ltr'><strong>pueris:</strong></span> <span class='ocrx_word' id='word_1_275' title='bbox 1196 2563 1252 2603; x_wconf 84' lang='lat' dir='ltr'><strong>von</strong></span> <span class='ocrx_word' id='word_1_276' title='bbox 1261 2547 1349 2604; x_wconf 83' lang='lat' dir='ltr'><strong>Klein</strong></span> 
     </span>
     <span class='ocr_line' id='line_1_28' title="bbox 163 2616 1347 2686; baseline -0.001 -13"><span class='ocrx_word' id='word_1_277' title='bbox 163 2619 246 2674; x_wconf 88' lang='lat' dir='ltr'><strong>illos</strong></span> <span class='ocrx_word' id='word_1_278' title='bbox 264 2618 364 2672; x_wconf 88' lang='lat' dir='ltr'><strong>alunt</strong></span> <span class='ocrx_word' id='word_1_279' title='bbox 382 2617 408 2671; x_wconf 95' lang='lat' dir='ltr'><strong>d.</strong></span> <span class='ocrx_word' id='word_1_280' title='bbox 427 2616 445 2672; x_wconf 90' lang='lat' dir='ltr'><strong>i.</strong></span> <span class='ocrx_word' id='word_1_281' title='bbox 466 2633 566 2686; x_wconf 86' lang='lat' dir='ltr'><strong>surgen</strong></span> <span class='ocrx_word' id='word_1_282' title='bbox 584 2616 629 2670; x_wconf 79' lang='lat' dir='ltr'><strong>fiir</strong></span> <span class='ocrx_word' id='word_1_283' title='bbox 646 2616 727 2670; x_wconf 85' lang='lat' dir='ltr'><strong>ihren</strong></span> <span class='ocrx_word' id='word_1_284' title='bbox 781 2617 836 2672; x_wconf 84' lang='lat' dir='ltr'><strong>aui.</strong></span> <span class='ocrx_word' id='word_1_285' title='bbox 863 2649 895 2656; x_wconf 98' lang='lat'><strong>—</strong></span> <span class='ocrx_word' id='word_1_286' title='bbox 919 2617 1053 2675; x_wconf 89' lang='lat' dir='ltr'><strong>officio:</strong></span> <span class='ocrx_word' id='word_1_287' title='bbox 1081 2618 1249 2684; x_wconf 77' lang='lat' dir='ltr'><strong>Gehomam:</strong></span> <span class='ocrx_word' id='word_1_288' title='bbox 1274 2619 1347 2673; x_wconf 89' lang='lat' dir='ltr'><strong>dis-</strong></span> 
     </span>
     <span class='ocr_line' id='line_1_29' title="bbox 164 2687 1347 2760; baseline 0 -16"><span class='ocrx_word' id='word_1_289' title='bbox 164 2690 221 2744; x_wconf 92' lang='lat' dir='ltr'><strong>und</strong></span> <span class='ocrx_word' id='word_1_290' title='bbox 236 2690 317 2760; x_wconf 86' lang='lat' dir='ltr'><strong>jener</strong></span> <span class='ocrx_word' id='word_1_291' title='bbox 331 2688 481 2743; x_wconf 85' lang='lat' dir='ltr'><strong>Unterhalt</strong></span> <span class='ocrx_word' id='word_1_292' title='bbox 495 2688 594 2760; x_wconf 86' lang='lat' dir='ltr'><strong>(durch</strong></span> <span class='ocrx_word' id='word_1_293' title='bbox 609 2688 660 2742; x_wconf 87' lang='lat' dir='ltr'><strong>das</strong></span> <span class='ocrx_word' id='word_1_294' title='bbox 674 2687 725 2741; x_wconf 92' lang='lat' dir='ltr'><strong>Be·</strong></span> <span class='ocrx_word' id='word_1_295' title='bbox 780 2688 923 2758; x_wconf 84' lang='lat' dir='ltr'><strong>ciplina:</strong></span> <span class='ocrx_word' id='word_1_296' title='bbox 954 2689 1051 2744; x_wconf 87' lang='lat' dir='ltr'><strong>Zueht.</strong></span> <span class='ocrx_word' id='word_1_297' title='bbox 1076 2719 1110 2729; x_wconf 99' lang='lat'><em>-</em></span> <span class='ocrx_word' id='word_1_298' title='bbox 1138 2688 1347 2745; x_wconf 79' lang='lat' dir='ltr'><strong>assuefacti:</strong></span> 
     </span>
     <span class='ocr_line' id='line_1_30' title="bbox 164 2757 1347 2829; baseline -0.001 -13"><span class='ocrx_word' id='word_1_299' title='bbox 164 2763 256 2816; x_wconf 88' lang='lat' dir='ltr'><strong>bauen</strong></span> <span class='ocrx_word' id='word_1_300' title='bbox 274 2761 323 2815; x_wconf 90' lang='lat' dir='ltr'><strong>der</strong></span> <span class='ocrx_word' id='word_1_301' title='bbox 336 2760 465 2829; x_wconf 84' lang='lat' dir='ltr'><strong>Aecker).</strong></span> <span class='ocrx_word' id='word_1_302' title='bbox 482 2791 513 2798; x_wconf 98' lang='lat'><em>-</em></span> <span class='ocrx_word' id='word_1_303' title='bbox 534 2776 649 2812; x_wconf 88' lang='lat' dir='ltr'><strong>rursus</strong></span> <span class='ocrx_word' id='word_1_304' title='bbox 666 2757 724 2812; x_wconf 80' lang='lat' dir='ltr'><strong>ben.</strong></span> <span class='ocrx_word' id='word_1_305' title='bbox 779 2760 861 2813; x_wconf 88' lang='lat' dir='ltr'><strong>achte</strong></span> <span class='ocrx_word' id='word_1_306' title='bbox 884 2759 935 2814; x_wconf 87' lang='lat' dir='ltr'><strong>auf</strong></span> <span class='ocrx_word' id='word_1_307' title='bbox 958 2758 1004 2814; x_wconf 88' lang='lat' dir='ltr'><strong>die</strong></span> <span class='ocrx_word' id='word_1_308' title='bbox 1029 2759 1224 2815; x_wconf 75' lang='lat' dir='ltr'><strong>construction</strong></span> <span class='ocrx_word' id='word_1_309' title='bbox 1252 2759 1347 2815; x_wconf 82' lang='lat' dir='ltr'><strong>dieses</strong></span> 
     </span>
     <span class='ocr_line' id='line_1_31' title="bbox 165 2828 1348 2900; baseline 0 -14"><span class='ocrx_word' id='word_1_310' title='bbox 165 2832 211 2887; x_wconf 90' lang='lat' dir='ltr'><strong>die</strong></span> <span class='ocrx_word' id='word_1_311' title='bbox 238 2831 460 2900; x_wconf 88' lang='lat' dir='ltr'><strong>Wiederholung</strong></span> <span class='ocrx_word' id='word_1_312' title='bbox 487 2830 536 2884; x_wconf 91' lang='lat' dir='ltr'><strong>der</strong></span> <span class='ocrx_word' id='word_1_313' title='bbox 562 2829 664 2897; x_wconf 86' lang='lat' dir='ltr'><strong>Sache,</strong></span> <span class='ocrx_word' id='word_1_314' title='bbox 691 2828 726 2882; x_wconf 87' lang='lat' dir='ltr'><strong>in</strong></span> <span class='ocrx_word' id='word_1_315' title='bbox 779 2831 1134 2900; x_wconf 85' lang='lat' dir='ltr'><strong>Wortes.-10.Atque:</strong></span> <span class='ocrx_word' id='word_1_316' title='bbox 1149 2829 1348 2886; x_wconf 87' lang='lat' dir='ltr'><strong>iiberdieBe·</strong></span> 
     </span>
     <span class='ocr_line' id='line_1_32' title="bbox 164 2901 1348 2971; baseline -0.002 -12"><span class='ocrx_word' id='word_1_317' title='bbox 164 2905 273 2959; x_wconf 86' lang='lat' dir='ltr'><strong>vicem</strong></span> <span class='ocrx_word' id='word_1_318' title='bbox 291 2903 346 2957; x_wconf 91' lang='lat' dir='ltr'><strong>den</strong></span> <span class='ocrx_word' id='word_1_319' title='bbox 360 2902 492 2956; x_wconf 86' lang='lat' dir='ltr'><strong>Wechsel</strong></span> <span class='ocrx_word' id='word_1_320' title='bbox 510 2902 560 2956; x_wconf 93' lang='lat' dir='ltr'><strong>der</strong></span> <span class='ocrx_word' id='word_1_321' title='bbox 577 2902 726 2955; x_wconf 88' lang='lat' dir='ltr'><strong>Personen.</strong></span> <span class='ocrx_word' id='word_1_322' title='bbox 780 2901 906 2971; x_wconf 88' lang='lat' dir='ltr'><strong>deutung</strong></span> <span class='ocrx_word' id='word_1_323' title='bbox 928 2919 949 2957; x_wconf 92' lang='lat' dir='ltr'><strong>s.</strong></span> <span class='ocrx_word' id='word_1_324' title='bbox 970 2908 996 2970; x_wconf 85' lang='lat'><strong>3,</strong></span> <span class='ocrx_word' id='word_1_325' title='bbox 1016 2909 1058 2956; x_wconf 79' lang='lat'><strong>17.</strong></span> <span class='ocrx_word' id='word_1_326' title='bbox 1077 2901 1165 2956; x_wconf 89' lang='lat' dir='ltr'><strong>-in</strong></span> <span class='ocrx_word' id='word_1_327' title='bbox 1188 2917 1275 2957; x_wconf 83' lang='lat' dir='ltr'><strong>eam:</strong></span> <span class='ocrx_word' id='word_1_328' title='bbox 1299 2901 1348 2958; x_wconf 85' lang='lat' dir='ltr'><strong>die</strong></span> 
     </span>
     <span class='ocr_line' id='line_1_33' title="bbox 165 2971 1348 3055; baseline -0.001 -26"><span class='ocrx_word' id='word_1_329' title='bbox 165 3007 197 3015; x_wconf 92' lang='lat'>—</span> <span class='ocrx_word' id='word_1_330' title='bbox 219 2991 306 3029; x_wconf 88' lang='lat' dir='ltr'><strong>anno</strong></span> <span class='ocrx_word' id='word_1_331' title='bbox 316 2975 415 3043; x_wconf 87' lang='lat' dir='ltr'><strong>post:</strong></span> <span class='ocrx_word' id='word_1_332' title='bbox 435 2973 511 3027; x_wconf 87' lang='lat' dir='ltr'><strong>siehe</strong></span> <span class='ocrx_word' id='word_1_333' title='bbox 526 2973 623 3026; x_wconf 86' lang='lat' dir='ltr'><strong>weiter</strong></span> <span class='ocrx_word' id='word_1_334' title='bbox 640 2973 727 3026; x_wconf 81' lang='lat' dir='ltr'><strong>unten</strong></span> <span class='ocrx_word' id='word_1_335' title='bbox 779 2972 945 3055; x_wconf 85' lang='lat' dir='ltr'><strong>Bedeutung</strong></span> <span class='ocrx_word' id='word_1_336' title='bbox 958 2990 1014 3027; x_wconf 88' lang='lat' dir='ltr'><strong>von</strong></span> <span class='ocrx_word' id='word_1_337' title='bbox 1028 2989 1091 3028; x_wconf 87' lang='lat' dir='ltr'><strong>eam</strong></span> <span class='ocrx_word' id='word_1_338' title='bbox 1109 2972 1202 3042; x_wconf 88' lang='lat' dir='ltr'><strong>ergibt</strong></span> <span class='ocrx_word' id='word_1_339' title='bbox 1217 2971 1280 3028; x_wconf 87' lang='lat' dir='ltr'><strong>sich</strong></span> <span class='ocrx_word' id='word_1_340' title='bbox 1294 2989 1348 3028; x_wconf 84' lang='lat' dir='ltr'><strong>aus</strong></span> 
     </span>
     <span class='ocr_line' id='line_1_34' title="bbox 165 3042 1350 3112; baseline -0.001 -12"><span class='ocrx_word' id='word_1_341' title='bbox 165 3064 200 3100; x_wconf 86' lang='lat' dir='ltr'><strong>zu</strong></span> <span class='ocrx_word' id='word_1_342' title='bbox 214 3061 295 3100; x_wconf 87' lang='lat' dir='ltr'><strong>anno.</strong></span> <span class='ocrx_word' id='word_1_343' title='bbox 310 3075 346 3085; x_wconf 92' lang='lat'><em>-</em></span> <span class='ocrx_word' id='word_1_344' title='bbox 359 3043 417 3098; x_wconf 86' lang='lat' dir='ltr'><strong>illi</strong></span> <span class='ocrx_word' id='word_1_345' title='bbox 431 3043 521 3098; x_wconf 88' lang='lat' dir='ltr'><strong>domi</strong></span> <span class='ocrx_word' id='word_1_346' title='bbox 539 3043 725 3097; x_wconf 82' lang='lat' dir='ltr'><strong>remanent:</strong></span> <span class='ocrx_word' id='word_1_347' title='bbox 781 3042 888 3098; x_wconf 79' lang='lat' dir='ltr'><strong>Stellen</strong></span> <span class='ocrx_word' id='word_1_348' title='bbox 901 3061 954 3098; x_wconf 86' lang='lat' dir='ltr'><strong>wre</strong></span> <span class='ocrx_word' id='word_1_349' title='bbox 969 3049 994 3112; x_wconf 88' lang='lat'><strong>5,</strong></span> <span class='ocrx_word' id='word_1_350' title='bbox 1008 3051 1056 3098; x_wconf 86' lang='lat'><strong>43:</strong></span> <span class='ocrx_word' id='word_1_351' title='bbox 1075 3044 1114 3098; x_wconf 88' lang='lat' dir='ltr'><strong>At</strong></span> <span class='ocrx_word' id='word_1_352' title='bbox 1125 3045 1207 3098; x_wconf 86' lang='lat' dir='ltr'><strong>tanta</strong></span> <span class='ocrx_word' id='word_1_353' title='bbox 1219 3043 1350 3099; x_wconf 88' lang='lat' dir='ltr'><strong>militum</strong></span> 
     </span>
     <span class='ocr_line' id='line_1_35' title="bbox 116 3112 1350 3185; baseline 0 -15"><span class='ocrx_word' id='word_1_354' title='bbox 116 3155 119 3162; x_wconf 30' lang='lat' dir='ltr'><strong>r</strong></span> <span class='ocrx_word' id='word_1_355' title='bbox 166 3135 187 3172; x_wconf 91' lang='lat' dir='ltr'><strong>s.</strong></span> <span class='ocrx_word' id='word_1_356' title='bbox 208 3122 232 3183; x_wconf 92' lang='lat'><strong>1,</strong></span> <span class='ocrx_word' id='word_1_357' title='bbox 250 3122 284 3170; x_wconf 87' lang='lat'><strong>18</strong></span> <span class='ocrx_word' id='word_1_358' title='bbox 302 3134 335 3168; x_wconf 87' lang='lat' dir='ltr'><strong>zu</strong></span> <span class='ocrx_word' id='word_1_359' title='bbox 353 3114 451 3169; x_wconf 87' lang='lat' dir='ltr'><strong>concil.</strong></span> <span class='ocrx_word' id='word_1_360' title='bbox 471 3112 598 3180; x_wconf 83' lang='lat' dir='ltr'><strong>dimittit,</strong></span> <span class='ocrx_word' id='word_1_361' title='bbox 616 3113 729 3167; x_wconf 86' lang='lat' dir='ltr'><strong>Liscum</strong></span> <span class='ocrx_word' id='word_1_362' title='bbox 782 3114 871 3168; x_wconf 85' lang='lat' dir='ltr'><strong>virtus</strong></span> <span class='ocrx_word' id='word_1_363' title='bbox 899 3117 984 3183; x_wconf 87' lang='lat' dir='ltr'><strong>atque</strong></span> <span class='ocrx_word' id='word_1_364' title='bbox 1012 3132 1045 3170; x_wconf 83' lang='lat' dir='ltr'><strong>ee</strong></span> <span class='ocrx_word' id='word_1_365' title='bbox 1072 3115 1231 3185; x_wconf 86' lang='lat' dir='ltr'><strong>praesentia</strong></span> <span class='ocrx_word' id='word_1_366' title='bbox 1258 3114 1350 3170; x_wconf 80' lang='lat' dir='ltr'><strong>animi</strong></span> 
     </span>
     <span class='ocr_line' id='line_1_36' title="bbox 165 3183 1350 3256; baseline 0.001 -16"><span class='ocrx_word' id='word_1_367' title='bbox 165 3186 276 3242; x_wconf 87' lang='lat' dir='ltr'><strong>retinet.</strong></span> <span class='ocrx_word' id='word_1_368' title='bbox 295 3217 327 3225; x_wconf 90' lang='lat'>—</span> <span class='ocrx_word' id='word_1_369' title='bbox 349 3193 373 3240; x_wconf 87' lang='grc'><strong>6.</strong></span> <span class='ocrx_word' id='word_1_370' title='bbox 393 3184 482 3239; x_wconf 85' lang='lat' dir='ltr'><strong>ratio</strong></span> <span class='ocrx_word' id='word_1_371' title='bbox 508 3185 610 3253; x_wconf 85' lang='lat' dir='ltr'><strong>atque</strong></span> <span class='ocrx_word' id='word_1_372' title='bbox 635 3201 727 3238; x_wconf 87' lang='lat' dir='ltr'><strong>usus:</strong></span> <span class='ocrx_word' id='word_1_373' title='bbox 782 3183 849 3253; x_wconf 87' lang='lat' dir='ltr'><strong>fuit,</strong></span> <span class='ocrx_word' id='word_1_374' title='bbox 872 3189 904 3240; x_wconf 89' lang='lat' dir='ltr'><strong>nt</strong></span> <span class='ocrx_word' id='word_1_375' title='bbox 927 3189 979 3240; x_wconf 91' lang='lat' dir='ltr'><strong>etc.</strong></span> <span class='ocrx_word' id='word_1_376' title='bbox 999 3217 1032 3226; x_wconf 89' lang='lat'><em>—</em></span> <span class='ocrx_word' id='word_1_377' title='bbox 1057 3185 1286 3256; x_wconf 87' lang='lat' dir='ltr'><strong>adduxerunt,</strong></span> <span class='ocrx_word' id='word_1_378' title='bbox 1308 3189 1350 3241; x_wconf 89' lang='lat' dir='ltr'><strong>ut</strong></span> 
     </span>
     <span class='ocr_line' id='line_1_37' title="bbox 166 3254 1350 3324; baseline 0.001 -14"><span class='ocrx_word' id='word_1_379' title='bbox 166 3256 286 3311; x_wconf 83' lang='lat' dir='ltr'><strong>Theorie</strong></span> <span class='ocrx_word' id='word_1_380' title='bbox 301 3257 375 3324; x_wconf 86' lang='lat' dir='ltr'><strong>(dh.</strong></span> <span class='ocrx_word' id='word_1_381' title='bbox 391 3254 605 3324; x_wconf 87' lang='lat' dir='ltr'><strong>dieKenntniss,</strong></span> <span class='ocrx_word' id='word_1_382' title='bbox 617 3254 729 3308; x_wconf 85' lang='lat' dir='ltr'><strong>wieder</strong></span> <span class='ocrx_word' id='word_1_383' title='bbox 783 3257 995 3311; x_wconf 85' lang='lat' dir='ltr'><strong>—haberent</strong></span> <span class='ocrx_word' id='word_1_384' title='bbox 1007 3259 1040 3311; x_wconf 85' lang='lat' dir='ltr'><strong>et</strong></span> <span class='ocrx_word' id='word_1_385' title='bbox 1054 3257 1267 3311; x_wconf 87' lang='lat' dir='ltr'><strong>lavarentur:</strong></span> <span class='ocrx_word' id='word_1_386' title='bbox 1282 3256 1350 3312; x_wconf 87' lang='lat' dir='ltr'><strong>Bei-</strong></span> 
     </span>
     <span class='ocr_line' id='line_1_38' title="bbox 166 3325 1350 3397; baseline 0 -16"><span class='ocrx_word' id='word_1_387' title='bbox 166 3326 253 3397; x_wconf 86' lang='lat' dir='ltr'><strong>Krieg</strong></span> <span class='ocrx_word' id='word_1_388' title='bbox 280 3326 395 3396; x_wconf 84' lang='lat' dir='ltr'><strong>gefr&#39;ihrt</strong></span> <span class='ocrx_word' id='word_1_389' title='bbox 420 3325 533 3380; x_wconf 86' lang='lat' dir='ltr'><strong>werden</strong></span> <span class='ocrx_word' id='word_1_390' title='bbox 559 3327 643 3394; x_wconf 91' lang='lat' dir='ltr'><strong>muss)</strong></span> <span class='ocrx_word' id='word_1_391' title='bbox 670 3325 728 3378; x_wconf 89' lang='lat' dir='ltr'><strong>und</strong></span> <span class='ocrx_word' id='word_1_392' title='bbox 782 3327 853 3396; x_wconf 92' lang='lat' dir='ltr'><strong>spiel</strong></span> <span class='ocrx_word' id='word_1_393' title='bbox 868 3327 913 3382; x_wconf 76' lang='lat' dir='ltr'><strong>fuir</strong></span> <span class='ocrx_word' id='word_1_394' title='bbox 927 3328 982 3382; x_wconf 89' lang='lat' dir='ltr'><strong>den</strong></span> <span class='ocrx_word' id='word_1_395' title='bbox 994 3327 1141 3383; x_wconf 85' lang='lat' dir='ltr'><strong>Ausdruck</strong></span> <span class='ocrx_word' id='word_1_396' title='bbox 1155 3326 1298 3382; x_wconf 79' lang='lat' dir='ltr'><strong>einesFol</strong></span> <span class='ocrx_word' id='word_1_397' title='bbox 1339 3359 1350 3369; x_wconf 93' lang='lat'>·</span> 
     </span>
     <span class='ocr_line' id='line_1_39' title="bbox 166 3395 1278 3468; baseline 0 -16"><span class='ocrx_word' id='word_1_398' title='bbox 166 3397 273 3453; x_wconf 86' lang='lat' dir='ltr'><strong>Praxis.</strong></span> <span class='ocrx_word' id='word_1_399' title='bbox 301 3404 330 3464; x_wconf 79' lang='lat'><strong>2,</strong></span> <span class='ocrx_word' id='word_1_400' title='bbox 359 3402 393 3450; x_wconf 79' lang='lat'><strong>20</strong></span> <span class='ocrx_word' id='word_1_401' title='bbox 421 3396 491 3450; x_wconf 80' lang='lat' dir='ltr'><strong>wind</strong></span> <span class='ocrx_word' id='word_1_402' title='bbox 522 3396 648 3450; x_wconf 80' lang='lat' dir='ltr'><strong>desselbe</strong></span> <span class='ocrx_word' id='word_1_403' title='bbox 676 3395 729 3450; x_wconf 87' lang='lat' dir='ltr'><strong>mit</strong></span> <span class='ocrx_word' id='word_1_404' title='bbox 783 3401 872 3452; x_wconf 83' lang='lat' dir='ltr'><strong>satzes</strong></span> <span class='ocrx_word' id='word_1_405' title='bbox 890 3398 930 3452; x_wconf 88' lang='lat' dir='ltr'><strong>im</strong></span> <span class='ocrx_word' id='word_1_406' title='bbox 948 3399 1041 3468; x_wconf 74' lang='lat' dir='ltr'><strong>Impi:</strong></span> <span class='ocrx_word' id='word_1_407' title='bbox 1065 3398 1117 3453; x_wconf 82' lang='lat' dir='ltr'><strong>uir</strong></span> <span class='ocrx_word' id='word_1_408' title='bbox 1139 3399 1278 3454; x_wconf 77' lang='lat' dir='ltr'><strong>erwmten</strong></span> 
     </span>
     <span class='ocr_line' id='line_1_40' title="bbox 90 3467 1351 3536; baseline 0 -12"><span class='ocrx_word' id='word_1_409' title='bbox 90 3500 94 3507; x_wconf 94' lang='lat'>·</span> <span class='ocrx_word' id='word_1_410' title='bbox 167 3468 286 3524; x_wconf 86' lang='lat' dir='ltr'><strong>seientia</strong></span> <span class='ocrx_word' id='word_1_411' title='bbox 309 3471 393 3536; x_wconf 84' lang='lat' dir='ltr'><strong>atque</strong></span> <span class='ocrx_word' id='word_1_412' title='bbox 416 3485 481 3521; x_wconf 86' lang='lat' dir='ltr'><strong>usus</strong></span> <span class='ocrx_word' id='word_1_413' title='bbox 504 3467 673 3522; x_wconf 76' lang='lat' dir='ltr'><strong>bezeichnen.</strong></span> <span class='ocrx_word' id='word_1_414' title='bbox 694 3498 727 3507; x_wconf 98' lang='lat'>—</span> <span class='ocrx_word' id='word_1_415' title='bbox 782 3468 916 3536; x_wconf 71' lang='lat' dir='ltr'><strong>Pressas:</strong></span> <span class='ocrx_word' id='word_1_416' title='bbox 948 3469 1034 3525; x_wconf 88' lang='lat' dir='ltr'><strong>allein</strong></span> <span class='ocrx_word' id='word_1_417' title='bbox 1066 3469 1138 3524; x_wconf 87' lang='lat' dir='ltr'><strong>auch</strong></span> <span class='ocrx_word' id='word_1_418' title='bbox 1169 3468 1200 3523; x_wconf 88' lang='lat' dir='ltr'><strong>in</strong></span> <span class='ocrx_word' id='word_1_419' title='bbox 1230 3469 1351 3527; x_wconf 90' lang='lat' dir='ltr'><strong>solchen</strong></span> 
     </span>
     <span class='ocr_line' id='line_1_41' title="bbox 168 3537 1351 3608; baseline 0.001 -13"><span class='ocrx_word' id='word_1_420' title='bbox 168 3548 193 3595; x_wconf 79' lang='lat' dir='ltr'><strong>t.</strong></span> <span class='ocrx_word' id='word_1_421' title='bbox 213 3539 278 3594; x_wconf 86' lang='lat' dir='ltr'><strong>Sed</strong></span> <span class='ocrx_word' id='word_1_422' title='bbox 296 3537 429 3608; x_wconf 87' lang='lat' dir='ltr'><strong>privati</strong></span> <span class='ocrx_word' id='word_1_423' title='bbox 447 3541 513 3592; x_wconf 80' lang='lat' dir='ltr'><strong>ete:</strong></span> <span class='ocrx_word' id='word_1_424' title='bbox 537 3538 629 3606; x_wconf 85' lang='lat' dir='ltr'><strong>Land,</strong></span> <span class='ocrx_word' id='word_1_425' title='bbox 653 3538 728 3593; x_wconf 88' lang='lat' dir='ltr'><strong>einer</strong></span> <span class='ocrx_word' id='word_1_426' title='bbox 783 3539 897 3608; x_wconf 79' lang='lat' dir='ltr'><strong>Sttzen,</strong></span> <span class='ocrx_word' id='word_1_427' title='bbox 921 3540 968 3595; x_wconf 89' lang='lat' dir='ltr'><strong>die</strong></span> <span class='ocrx_word' id='word_1_428' title='bbox 985 3541 1016 3595; x_wconf 92' lang='lat' dir='ltr'><strong>in</strong></span> <span class='ocrx_word' id='word_1_429' title='bbox 1034 3541 1079 3594; x_wconf 89' lang='lat' dir='ltr'><strong>die</strong></span> <span class='ocrx_word' id='word_1_430' title='bbox 1098 3540 1138 3596; x_wconf 83' lang='lat' dir='ltr'><strong>Ge</strong></span> <span class='ocrx_word' id='word_1_431' title='bbox 1159 3540 1267 3595; x_wconf 82' lang='lat' dir='ltr'><strong>enwart</strong></span> <span class='ocrx_word' id='word_1_432' title='bbox 1284 3540 1351 3596; x_wconf 87' lang='lat' dir='ltr'><strong>her·</strong></span> 
     </span>
     <span class='ocr_line' id='line_1_42' title="bbox 167 3608 1351 3680; baseline 0 -14"><span class='ocrx_word' id='word_1_433' title='bbox 167 3610 312 3666; x_wconf 83' lang='lat' dir='ltr'><strong>einzelnen</strong></span> <span class='ocrx_word' id='word_1_434' title='bbox 320 3611 424 3664; x_wconf 80' lang='lat' dir='ltr'><strong>Person</strong></span> <span class='ocrx_word' id='word_1_435' title='bbox 438 3608 581 3679; x_wconf 80' lang='lat' dir='ltr'><strong>gehorend</strong></span> <span class='ocrx_word' id='word_1_436' title='bbox 594 3609 728 3680; x_wconf 83' lang='lat' dir='ltr'><strong>und(von</strong></span> <span class='ocrx_word' id='word_1_437' title='bbox 783 3610 954 3680; x_wconf 86' lang='lat' dir='ltr'><strong>einreiehen,</strong></span> <span class='ocrx_word' id='word_1_438' title='bbox 979 3613 1049 3666; x_wconf 85' lang='lat' dir='ltr'><strong>setzt</strong></span> <span class='ocrx_word' id='word_1_439' title='bbox 1072 3612 1122 3666; x_wconf 92' lang='lat' dir='ltr'><strong>der</strong></span> <span class='ocrx_word' id='word_1_440' title='bbox 1169 3611 1278 3666; x_wconf 83' lang='lat' dir='ltr'><strong>atainer</strong></span> <span class='ocrx_word' id='word_1_441' title='bbox 1301 3630 1351 3666; x_wconf 81' lang='lat' dir='ltr'><strong>zu-</strong></span> 
     </span>
     <span class='ocr_line' id='line_1_43' title="bbox 167 3680 1352 3753; baseline -0.001 -16"><span class='ocrx_word' id='word_1_442' title='bbox 167 3683 289 3738; x_wconf 87' lang='lat' dir='ltr'><strong>anderen</strong></span> <span class='ocrx_word' id='word_1_443' title='bbox 302 3681 439 3750; x_wconf 80' lang='lat' dir='ltr'><strong>Aeclxern)</strong></span> <span class='ocrx_word' id='word_1_444' title='bbox 453 3681 592 3750; x_wconf 88' lang='lat' dir='ltr'><strong>getrennt.</strong></span> <span class='ocrx_word' id='word_1_445' title='bbox 608 3711 640 3720; x_wconf 94' lang='lat'>—</span> <span class='ocrx_word' id='word_1_446' title='bbox 655 3681 727 3736; x_wconf 89' lang='lat' dir='ltr'><strong>lon·</strong></span> <span class='ocrx_word' id='word_1_447' title='bbox 782 3682 883 3736; x_wconf 87' lang='lat' dir='ltr'><strong>weilen</strong></span> <span class='ocrx_word' id='word_1_448' title='bbox 905 3682 960 3737; x_wconf 89' lang='lat' dir='ltr'><strong>den</strong></span> <span class='ocrx_word' id='word_1_449' title='bbox 983 3680 1149 3753; x_wconf 84' lang='lat' dir='ltr'><strong>Conjunctir</strong></span> <span class='ocrx_word' id='word_1_450' title='bbox 1171 3680 1286 3752; x_wconf 79' lang='lat' dir='ltr'><strong>imperf.</strong></span> <span class='ocrx_word' id='word_1_451' title='bbox 1315 3714 1352 3724; x_wconf 92' lang='lat'>-</span> 
     </span>
     <span class='ocr_line' id='line_1_44' title="bbox 168 3751 1350 3824; baseline 0.003 -17"><span class='ocrx_word' id='word_1_452' title='bbox 168 3754 244 3824; x_wconf 87' lang='lat' dir='ltr'><strong>gius</strong></span> <span class='ocrx_word' id='word_1_453' title='bbox 269 3779 302 3800; x_wconf 91' lang='lat'>=</span> <span class='ocrx_word' id='word_1_454' title='bbox 327 3751 445 3821; x_wconf 89' lang='lat' dir='ltr'><strong>diutius,</strong></span> <span class='ocrx_word' id='word_1_455' title='bbox 474 3771 494 3806; x_wconf 89' lang='lat' dir='ltr'><strong>s.</strong></span> <span class='ocrx_word' id='word_1_456' title='bbox 519 3758 548 3820; x_wconf 77' lang='lat' dir='ltr'><strong>t,</strong></span> <span class='ocrx_word' id='word_1_457' title='bbox 572 3758 588 3805; x_wconf 84' lang='lat'>9</span> <span class='ocrx_word' id='word_1_458' title='bbox 615 3751 728 3822; x_wconf 87' lang='lat' dir='ltr'><strong>lon&#39;gius</strong></span> <span class='ocrx_word' id='word_1_459' title='bbox 782 3753 870 3807; x_wconf 88' lang='lat' dir='ltr'><strong>loca:</strong></span> <span class='ocrx_word' id='word_1_460' title='bbox 890 3753 1048 3822; x_wconf 87' lang='lat' dir='ltr'><strong>Gegenden.</strong></span> <span class='ocrx_word' id='word_1_461' title='bbox 1064 3784 1097 3794; x_wconf 91' lang='lat'>—</span> <span class='ocrx_word' id='word_1_462' title='bbox 1116 3767 1276 3822; x_wconf 84' lang='lat' dir='ltr'><strong>neque-</strong></span> <span class='ocrx_word' id='word_1_463' title='bbox 1300 3757 1350 3810; x_wconf 87' lang='lat' dir='ltr'><strong>et:</strong></span> 
     </span>
     <span class='ocr_line' id='line_1_45' title="bbox 167 3822 1009 3893; baseline -0.001 -14"><span class='ocrx_word' id='word_1_464' title='bbox 167 3825 269 3880; x_wconf 90' lang='lat' dir='ltr'><strong>triduo.</strong></span> <span class='ocrx_word' id='word_1_465' title='bbox 295 3855 326 3864; x_wconf 92' lang='lat'>-</span> <span class='ocrx_word' id='word_1_466' title='bbox 357 3840 455 3878; x_wconf 88' lang='lat' dir='ltr'><strong>anno:</strong></span> <span class='ocrx_word' id='word_1_467' title='bbox 488 3825 534 3879; x_wconf 89' lang='lat' dir='ltr'><strong>ein</strong></span> <span class='ocrx_word' id='word_1_468' title='bbox 560 3823 641 3878; x_wconf 88' lang='lat' dir='ltr'><strong>Jahr:</strong></span> <span class='ocrx_word' id='word_1_469' title='bbox 674 3822 729 3878; x_wconf 89' lang='lat' dir='ltr'><strong>ein</strong></span> <span class='ocrx_word' id='word_1_470' title='bbox 783 3823 902 3892; x_wconf 69' lang='lat' dir='ltr'><strong>siehet,</strong></span> <span class='ocrx_word' id='word_1_471' title='bbox 922 3829 965 3893; x_wconf 79' lang='lat'><strong>25,</strong></span> <span class='ocrx_word' id='word_1_472' title='bbox 985 3830 1009 3878; x_wconf 84' lang='lat' dir='ltr'><strong>t.</strong></span> 
     </span>
     <span class='ocr_line' id='line_1_46' title="bbox 166 3894 1353 3967; baseline 0.002 -17"><span class='ocrx_word' id='word_1_473' title='bbox 166 3894 339 3950; x_wconf 79' lang='lat' dir='ltr'><strong>bleibttei</strong></span> <span class='ocrx_word' id='word_1_474' title='bbox 373 3912 472 3964; x_wconf 89' lang='lat' dir='ltr'><strong>annus,</strong></span> <span class='ocrx_word' id='word_1_475' title='bbox 509 3894 626 3962; x_wconf 88' lang='lat' dir='ltr'><strong>mensis,</strong></span> <span class='ocrx_word' id='word_1_476' title='bbox 669 3894 728 3948; x_wconf 86' lang='lat' dir='ltr'><strong>dies</strong></span> <span class='ocrx_word' id='word_1_477' title='bbox 819 3894 1057 3967; x_wconf 32' lang='lat' dir='ltr'><strong>Gap.2.l.,quae</strong></span> <span class='ocrx_word' id='word_1_478' title='bbox 1076 3895 1169 3949; x_wconf 90' lang='lat' dir='ltr'><strong>bello</strong></span> <span class='ocrx_word' id='word_1_479' title='bbox 1188 3896 1353 3965; x_wconf 87' lang='lat' dir='ltr'><strong>ceperint</strong></span> 
     </span>
     <span class='ocr_line' id='line_1_47' title="bbox 167 3965 1353 4034; baseline 0.004 -14"><span class='ocrx_word' id='word_1_480' title='bbox 167 3967 361 4033; x_wconf 80' lang='lat' dir='ltr'><strong>antibersetzt,</strong></span> <span class='ocrx_word' id='word_1_481' title='bbox 392 3983 487 4021; x_wconf 85' lang='lat' dir='ltr'><strong>ausser</strong></span> <span class='ocrx_word' id='word_1_482' title='bbox 518 3983 599 4020; x_wconf 87' lang='lat' dir='ltr'><strong>wenn</strong></span> <span class='ocrx_word' id='word_1_483' title='bbox 632 3982 661 4019; x_wconf 87' lang='lat' dir='ltr'><strong>es</strong></span> <span class='ocrx_word' id='word_1_484' title='bbox 691 3965 733 4018; x_wconf 92' lang='lat' dir='ltr'><strong>im</strong></span> <span class='ocrx_word' id='word_1_485' title='bbox 785 3967 844 4020; x_wconf 90' lang='lat' dir='ltr'><strong>und</strong></span> <span class='ocrx_word' id='word_1_486' title='bbox 862 3966 984 4034; x_wconf 89' lang='lat' dir='ltr'><strong>quibus</strong></span> <span class='ocrx_word' id='word_1_487' title='bbox 1003 3965 1151 4021; x_wconf 87' lang='lat' dir='ltr'><strong>vendant</strong></span> <span class='ocrx_word' id='word_1_488' title='bbox 1168 3967 1260 4022; x_wconf 74' lang='lat' dir='ltr'><strong>tibere.</strong></span> <span class='ocrx_word' id='word_1_489' title='bbox 1274 3970 1353 4025; x_wconf 82' lang='lat' dir='ltr'><strong>nach</strong></span> 
     </span>
     <span class='ocr_line' id='line_1_48' title="bbox 169 4036 1353 4107; baseline 0.002 -14"><span class='ocrx_word' id='word_1_490' title='bbox 169 4037 323 4106; x_wconf 84' lang='lat' dir='ltr'><strong>Gegensatz</strong></span> <span class='ocrx_word' id='word_1_491' title='bbox 347 4056 381 4091; x_wconf 88' lang='lat' dir='ltr'><strong>zu</strong></span> <span class='ocrx_word' id='word_1_492' title='bbox 409 4037 485 4092; x_wconf 89' lang='lat' dir='ltr'><strong>einer</strong></span> <span class='ocrx_word' id='word_1_493' title='bbox 512 4044 638 4106; x_wconf 79' lang='lat' dir='ltr'><strong>grdssern</strong></span> <span class='ocrx_word' id='word_1_494' title='bbox 659 4036 731 4090; x_wconf 86' lang='lat' dir='ltr'><strong>Zahi</strong></span> <span class='ocrx_word' id='word_1_495' title='bbox 786 4042 840 4105; x_wconf 80' lang='lat' dir='ltr'><strong>1‚n</strong></span> <span class='ocrx_word' id='word_1_496' title='bbox 860 4055 895 4090; x_wconf 87' lang='lat' dir='ltr'><strong>zu</strong></span> <span class='ocrx_word' id='word_1_497' title='bbox 913 4053 984 4105; x_wconf 87' lang='lat' dir='ltr'><strong>quae</strong></span> <span class='ocrx_word' id='word_1_498' title='bbox 998 4068 1032 4077; x_wconf 90' lang='lat'>-</span> <span class='ocrx_word' id='word_1_499' title='bbox 1046 4037 1225 4107; x_wconf 86' lang='lat' dir='ltr'><strong>pertinerent.</strong></span> <span class='ocrx_word' id='word_1_500' title='bbox 1242 4067 1277 4078; x_wconf 96' lang='lat'>—</span> <span class='ocrx_word' id='word_1_501' title='bbox 1298 4041 1353 4095; x_wconf 88' lang='lat' dir='ltr'><strong>ul·</strong></span> 
     </span>
     <span class='ocr_line' id='line_1_49' title="bbox 169 4107 1352 4178; baseline 0.005 -16"><span class='ocrx_word' id='word_1_502' title='bbox 169 4109 251 4162; x_wconf 88' lang='lat' dir='ltr'><strong>steht.</strong></span> <span class='ocrx_word' id='word_1_503' title='bbox 279 4108 342 4177; x_wconf 85' lang='lat' dir='ltr'><strong>Vgl.</strong></span> <span class='ocrx_word' id='word_1_504' title='bbox 358 4115 383 4175; x_wconf 80' lang='lat' dir='ltr'><strong>t,</strong></span> <span class='ocrx_word' id='word_1_505' title='bbox 398 4114 433 4162; x_wconf 84' lang='lat'><strong>44</strong></span> <span class='ocrx_word' id='word_1_506' title='bbox 452 4127 485 4162; x_wconf 83' lang='lat' dir='ltr'><strong>zu</strong></span> <span class='ocrx_word' id='word_1_507' title='bbox 503 4126 589 4161; x_wconf 87' lang='lat' dir='ltr'><strong>unum</strong></span> <span class='ocrx_word' id='word_1_508' title='bbox 608 4124 641 4161; x_wconf 88' lang='lat' dir='ltr'><strong>ex</strong></span> <span class='ocrx_word' id='word_1_509' title='bbox 659 4107 729 4160; x_wconf 87' lang='lat' dir='ltr'><strong>mul·</strong></span> <span class='ocrx_word' id='word_1_510' title='bbox 783 4107 849 4162; x_wconf 86' lang='lat' dir='ltr'><strong>lam</strong></span> <span class='ocrx_word' id='word_1_511' title='bbox 868 4108 938 4174; x_wconf 87' lang='lat' dir='ltr'><strong>bet;</strong></span> <span class='ocrx_word' id='word_1_512' title='bbox 958 4109 1043 4163; x_wconf 87' lang='lat' dir='ltr'><strong>suche</strong></span> <span class='ocrx_word' id='word_1_513' title='bbox 1057 4108 1112 4163; x_wconf 89' lang='lat' dir='ltr'><strong>den</strong></span> <span class='ocrx_word' id='word_1_514' title='bbox 1127 4108 1280 4178; x_wconf 82' lang='lat' dir='ltr'><strong>negatiran</strong></span> <span class='ocrx_word' id='word_1_515' title='bbox 1296 4110 1352 4169; x_wconf 78' lang='lat' dir='ltr'><strong>Ge·</strong></span> 
     </span>
     <span class='ocr_line' id='line_1_50' title="bbox 168 4177 1354 4251; baseline 0.006 -18"><span class='ocrx_word' id='word_1_516' title='bbox 168 4177 297 4234; x_wconf 89' lang='lat' dir='ltr'><strong>titudine.</strong></span> <span class='ocrx_word' id='word_1_517' title='bbox 321 4210 356 4219; x_wconf 93' lang='lat'><em>-</em></span> <span class='ocrx_word' id='word_1_518' title='bbox 378 4195 553 4233; x_wconf 86' lang='lat' dir='ltr'><strong>remanere</strong></span> <span class='ocrx_word' id='word_1_519' title='bbox 575 4209 608 4217; x_wconf 93' lang='lat'>—</span> <span class='ocrx_word' id='word_1_520' title='bbox 632 4177 730 4233; x_wconf 85' lang='lat' dir='ltr'><strong>licet:</strong></span> <span class='ocrx_word' id='word_1_521' title='bbox 784 4178 896 4233; x_wconf 88' lang='lat' dir='ltr'><strong>danken</strong></span> <span class='ocrx_word' id='word_1_522' title='bbox 909 4178 949 4232; x_wconf 90' lang='lat' dir='ltr'><strong>im</strong></span> <span class='ocrx_word' id='word_1_523' title='bbox 964 4179 1079 4235; x_wconf 78' lang='lat' dir='ltr'><strong>Satn-</strong></span> <span class='ocrx_word' id='word_1_524' title='bbox 1096 4179 1136 4233; x_wconf 87' lang='lat' dir='ltr'><strong>ad</strong></span> <span class='ocrx_word' id='word_1_525' title='bbox 1152 4196 1199 4236; x_wconf 85' lang='lat' dir='ltr'><strong>aa:</strong></span> <span class='ocrx_word' id='word_1_526' title='bbox 1215 4198 1236 4235; x_wconf 87' lang='lat' dir='ltr'><strong>a.</strong></span> <span class='ocrx_word' id='word_1_527' title='bbox 1253 4187 1305 4251; x_wconf 77' lang='lat'><strong>1,2</strong></span> <span class='ocrx_word' id='word_1_528' title='bbox 1317 4202 1354 4240; x_wconf 83' lang='lat' dir='ltr'><strong>au</strong></span> 
     </span>
     <span class='ocr_line' id='line_1_51' title="bbox 169 4248 1353 4320; baseline 0.004 -15"><span class='ocrx_word' id='word_1_529' title='bbox 169 4250 260 4306; x_wconf 87' lang='lat' dir='ltr'><strong>neben</strong></span> <span class='ocrx_word' id='word_1_530' title='bbox 286 4250 354 4305; x_wconf 87' lang='lat' dir='ltr'><strong>licet</strong></span> <span class='ocrx_word' id='word_1_531' title='bbox 382 4249 458 4303; x_wconf 86' lang='lat' dir='ltr'><strong>kann</strong></span> <span class='ocrx_word' id='word_1_532' title='bbox 491 4249 564 4303; x_wconf 87' lang='lat' dir='ltr'><strong>auch</strong></span> <span class='ocrx_word' id='word_1_533' title='bbox 596 4249 646 4304; x_wconf 88' lang='lat' dir='ltr'><strong>der</strong></span> <span class='ocrx_word' id='word_1_534' title='bbox 677 4248 729 4304; x_wconf 86' lang='lat' dir='ltr'><strong>inf.</strong></span> <span class='ocrx_word' id='word_1_535' title='bbox 783 4248 922 4305; x_wconf 87' lang='lat' dir='ltr'><strong>inductus.</strong></span> <span class='ocrx_word' id='word_1_536' title='bbox 943 4251 1178 4320; x_wconf 85' lang='lat' dir='ltr'><strong>-importari</strong></span> <span class='ocrx_word' id='word_1_537' title='bbox 1201 4268 1228 4306; x_wconf 90' lang='grc' dir='ltr'><strong>ιι.</strong></span> <span class='ocrx_word' id='word_1_538' title='bbox 1248 4253 1353 4313; x_wconf 80' lang='lat' dir='ltr'><strong>weitsr</strong></span> 
     </span>
     <span class='ocr_line' id='line_1_52' title="bbox 165 4320 1353 4397; baseline 0.005 -24"><span class='ocrx_word' id='word_1_539' title='bbox 165 4321 253 4375; x_wconf 75' lang='lat' dir='ltr'><strong>activi</strong></span> <span class='ocrx_word' id='word_1_540' title='bbox 282 4322 354 4376; x_wconf 90' lang='lat' dir='ltr'><strong>ohne</strong></span> <span class='ocrx_word' id='word_1_541' title='bbox 387 4320 600 4375; x_wconf 78' lang='lat' dir='ltr'><strong>ausdrr&#39;ielxliche</strong></span> <span class='ocrx_word' id='word_1_542' title='bbox 627 4320 730 4374; x_wconf 84' lang='lat' dir='ltr'><strong>Hinzu·</strong></span> <span class='ocrx_word' id='word_1_543' title='bbox 784 4323 871 4375; x_wconf 87' lang='lat' dir='ltr'><strong>unten</strong></span> <span class='ocrx_word' id='word_1_544' title='bbox 881 4321 1001 4376; x_wconf 81' lang='lat' dir='ltr'><strong>utidbs.</strong></span> <span class='ocrx_word' id='word_1_545' title='bbox 1013 4321 1085 4377; x_wconf 87' lang='lat' dir='ltr'><strong>nach</strong></span> <span class='ocrx_word' id='word_1_546' title='bbox 1096 4328 1120 4388; x_wconf 91' lang='lat'><strong>1,</strong></span> <span class='ocrx_word' id='word_1_547' title='bbox 1128 4327 1172 4390; x_wconf 78' lang='lat'><strong>44,</strong></span> <span class='ocrx_word' id='word_1_548' title='bbox 1180 4327 1214 4377; x_wconf 82' lang='lat'><strong>13</strong></span> <span class='ocrx_word' id='word_1_549' title='bbox 1228 4341 1264 4379; x_wconf 82' lang='lat' dir='ltr'><strong>zu</strong></span> <span class='ocrx_word' id='word_1_550' title='bbox 1277 4328 1353 4397; x_wconf 81' lang='lat' dir='ltr'><strong>geri.</strong></span> 
     </span>
     <span class='ocr_line' id='line_1_53' title="bbox 150 4389 1353 4466; baseline 0.007 -26"><span class='ocrx_word' id='word_1_551' title='bbox 150 4389 268 4458; x_wconf 70' lang='lat' dir='ltr'><strong>fugung</strong></span> <span class='ocrx_word' id='word_1_552' title='bbox 292 4391 343 4444; x_wconf 86' lang='lat' dir='ltr'><strong>des</strong></span> <span class='ocrx_word' id='word_1_553' title='bbox 370 4390 503 4462; x_wconf 77' lang='lat' dir='ltr'><strong>Subjects</strong></span> <span class='ocrx_word' id='word_1_554' title='bbox 532 4392 645 4463; x_wconf 75' lang='lat' dir='ltr'><strong>stehen3</strong></span> <span class='ocrx_word' id='word_1_555' title='bbox 673 4391 732 4463; x_wconf 86' lang='lat' dir='ltr'><strong>ugl.</strong></span> <span class='ocrx_word' id='word_1_556' title='bbox 785 4423 819 4432; x_wconf 94' lang='lat'>—</span> <span class='ocrx_word' id='word_1_557' title='bbox 834 4409 911 4462; x_wconf 89' lang='lat' dir='ltr'><strong>quo:</strong></span> <span class='ocrx_word' id='word_1_558' title='bbox 926 4392 1043 4448; x_wconf 83' lang='lat' dir='ltr'><strong>deahalb</strong></span> <span class='ocrx_word' id='word_1_559' title='bbox 1056 4393 1129 4463; x_wconf 84' lang='lat' dir='ltr'><strong>weil,</strong></span> <span class='ocrx_word' id='word_1_560' title='bbox 1144 4411 1230 4464; x_wconf 81' lang='lat' dir='ltr'><strong>quam</strong></span> <span class='ocrx_word' id='word_1_561' title='bbox 1244 4413 1353 4466; x_wconf 65' lang='lat' dir='ltr'><strong>quos-</strong></span> 
     </span>
    </p>
   </div>
   <div class='ocr_carea' id='block_1_4' title="bbox 0 0 1415 4778">
    <p class='ocr_par' dir='ltr' id='par_1_6' title="bbox 0 0 1415 4778">
     <span class='ocr_line' id='line_1_54' title="bbox 0 0 1415 4778; baseline 0 0"><span class='ocrx_word' id='word_1_562' title='bbox 0 0 1415 4778; x_wconf 95' lang='lat' dir='ltr'><strong> </strong></span> 
     </span>
    </p>
   </div>
  </div>
 </body>
</html>
