2804 4778
173 230 239 299 266
577 229 626 284 or.
646 229 763 286 eruco
783 228 940 286 GALLIGO

118 400 244 462 34dere
274 398 372 459 velint.
415 397 573 458 Mittuntur
603 396 640 456 de
670 395 716 456 bis
746 395 837 457 rebus
867 397 903 458 ad
933 395 1089 456 Caesarem
1119 396 1215 474 legati.
1266 395 1359 456 lubet

175 505 256 548 arma
280 486 369 567 tradi,
392 488 543 565 principes
567 486 700 564 produci.
737 483 804 563 lpse
827 487 858 544 in
881 486 1046 545 munitione
1069 502 1124 563 pro
1147 486 1254 545 castris
1281 503 1355 544 con·

138 588 155 637 5
175 576 265 637 sedit:
288 594 324 636 eo
348 575 439 635 duces
462 575 678 653 producuntur.
715 570 939 652 Vercingetorix
954 572 1082 653 deditur,
1100 590 1180 632 arma
1198 576 1358 652 proiciun-

174 672 232 724 tur.
270 664 439 723 Reservatis
462 663 572 722 Aeduis
596 661 853 741 atqueArvernis,
876 663 979 740 siper
1003 679 1054 720 eos
1078 663 1211 721 civitates
1235 664 1356 741 recipe-

174 770 240 813 rare
264 760 379 834 posset,
403 770 438 812 ex
453 746 588 833 reliquiss
596 752 718 829 captivis
737 756 799 809 toto
814 751 959 810 exercitui
974 752 1069 830 capita
1088 749 1203 828 singula
1221 751 1355 829 praedae

174 843 293 902 nomine
318 840 477 901 distribuit.

264 927 315 990 90.
350 929 404 989 His
436 927 528 989 rebus
557 927 702 987 conlectis
733 930 765 988 in
797 923 916 988 Aeduos
948 927 1161 1007 proficiscitur,
1198 929 1352 989 civitatem

137 1021 290 1097 erecipit.
335 1017 379 1077 Eo
409 1017 497 1096 legati
527 1015 563 1074 ab
586 1015 726 1075 Arvernis
756 1018 840 1076 missi
870 1033 945 1094 quae
973 1017 1134 1093 imperaret
1157 1033 1190 1075 se
1218 1016 1354 1078 tacturos

174 1105 364 1186 pollicentur.
412 1105 542 1184 Imperat
581 1121 720 1182 magnum
752 1122 911 1165 numerum
941 1101 1088 1163 obsidum.-
1136 1101 1283 1182 Legiones
1321 1107 1354 1165 in

138 1194 301 1256 ebiberna
324 1195 423 1254 mittit.
469 1192 657 1272 Captivorum
684 1194 805 1254 circiter
833 1191 887 1252 XX
914 1190 994 1252 milia
1016 1190 1127 1252 Aeduis
1150 1192 1353 1272 Arvernisque

138 1282 280 1343 treddit.
326 1282 427 1342 Titum
458 1280 621 1342 Labienum
653 1280 768 1342 duabus
800 1299 868 1341 cum
898 1279 1065 1360 legionibus
1095 1288 1126 1340 et
1154 1283 1290 1359 equitatu
1320 1285 1352 1342 in

177 1369 331 1449 Sequanos
354 1371 504 1449 proticisci
526 1369 622 1430 iubet:
645 1369 715 1430 buic
734 1369 865 1430 llarcum
886 1368 1094 1448 Sempronium
1114 1368 1248 1429 Rutilum
1267 1373 1351 1431 attri-

137 1457 249 1520 abiut.
296 1458 400 1520 Gaium
423 1458 547 1519 Fabium
575 1458 705 1537 legatum
732 1467 762 1519 et
784 1457 911 1518 Lucium
933 1457 1103 1539 Minucium,
1123 1456 1253 1519 Basilum
1283 1476 1353 1520 cum

174 1546 341 1626 legionibus
371 1546 486 1608 duabus
513 1550 544 1606 in
567 1547 668 1607 Remis
696 1547 833 1627 collocat,
862 1565 899 1607 ne
928 1564 1017 1625 quam
1040 1545 1078 1605 ab
1100 1546 1233 1606 finitimis
1256 1545 1352 1608 Bello·

136 1638 253 1700 evacis
275 1628 476 1697 vcalamitatem
505 1637 659 1714 accipiant.
705 1634 809 1696 Gaium
832 1636 993 1696 Antistium
1017 1634 1163 1712 Reginum
1190 1636 1220 1694 in
1252 1635 1353 1697 Ambi-

173 1731 305 1806 varetos,
328 1724 428 1784 Titum
452 1723 587 1784 Sextium
610 1726 640 1783 in
663 1721 827 1803 Bituriges,
851 1723 956 1784 Gaium
980 1722 1134 1784 Caninium
1158 1722 1297 1783 Rebilum
1320 1728 1353 1785 in

137 1828 154 1877 r
174 1811 308 1873 Rutenos
332 1830 400 1873 cum
425 1811 548 1892 singulis
572 1811 738 1891 legionibus
760 1814 862 1872 mittit.
909 1812 1052 1883 Quintum
1076 1811 1206 1871 Tullium
1230 1811 1350 1873 Cicero-

173 1919 242 1961 nem
270 1910 300 1961 et
326 1901 465 1962 Publium
494 1899 658 1979 Sulpicium
688 1899 830 1960 Cabilloni
860 1908 891 1960 et
917 1900 1078 1961 Matiscone
1115 1901 1146 1960 in
1173 1901 1284 1962 Aeduis
1316 1902 1352 1963 ad

136 1989 290 2055 8Ararim
326 1992 371 2050 rei
405 1990 616 2050 frumentariae
647 2007 735 2049 causa
766 1988 897 2049 collocat.
951 1988 1018 2067 lpse
1048 1987 1185 2048 Bibracte
1217 1989 1352 2051 hiemare

175 2081 339 2139 constituit.
395 2078 448 2137 His
485 2078 593 2139 litteris
629 2079 756 2156 cognitis
788 2076 898 2137 Romae
936 2077 1052 2138 dierum
1084 2075 1137 2135 XX
1173 2077 1352 2156 supplicatio

173 2166 317 2227 redditur.

173 2367 206 2377 -
226 2343 251 2390 4.
270 2336 375 2404 tradi,
394 2336 538 2405 produci
556 2335 648 2390 iibers.
661 2337 735 2391 nach
787 2337 856 2390 knrn
882 2337 928 2391 fiir
954 2335 1099 2391 civitatem
1121 2336 1151 2390 in
1177 2336 1353 2392 deditionem

174 2413 203 2475 1,
222 2412 257 2460 44
280 2425 314 2460 zu
337 2407 397 2530 geri
424 2407 481 2460 und
508 2406 616 2460 erklb're
644 2406 734 2461 dieses
787 2406 897 2477 recipit,
915 2424 973 2461 was
989 2414 1013 2476 1,
1023 2413 1096 2475 28‚2
1117 2406 1223 2462 erkltrt
1236 2409 1353 2464 worden

172 2477 230 2530 und
249 2476 294 2531 die
313 2477 340 2531 lo
354 2477 464 2546 genden
482 2477 631 2545 Asyndeta.
651 2507 686 2516 —
708 2483 733 2531 5.
787 2477 832 2534 ist.
850 2508 884 2517 -
898 2483 923 2531 2.
944 2494 1030 2547 quae
1048 2478 1240 2546 imperaret
1257 2479 1352 2536 iibere.

171 2547 323 2602 deditur:
343 2564 373 2601 er
386 2548 481 2601 wurde
495 2547 534 2601 im
547 2547 572 2602 J.
583 2553 618 2601 46
633 2565 659 2601 v.
670 2547 733 2603 Chr.
787 2549 860 2602 noch
879 2553 907 2616 1,
928 2553 943 2602 3
962 2566 997 2601 zu
1016 2565 1088 2617 qnae
1111 2579 1146 2588 -
1168 2548 1351 2618 pertinerent.

172 2619 203 2673 in
233 2618 305 2672 Rom
336 2618 376 2672 im
405 2618 541 2688 Trinmph
573 2618 739 2687 anigeit'hrt
788 2647 822 2659 -
840 2619 1007 2673 facturos:
1021 2619 1072 2674 wir
1086 2620 1158 2674 auch
1172 2619 1217 2673 ein
1232 2619 1351 2676 anderes

170 2689 231 2742 und
250 2688 324 2744 donn
345 2688 541 2759 bingerichtet.
560 2719 594 2730 -
614 2689 733 2744 lteser·
787 2689 962 2772 Tempus-
978 2696 1003 2744 ὁ.
1018 2690 1205 2759 accipient:
1224 2691 1351 2746 ntmlicb

171 2759 277 2814 vatis:
301 2763 457 2829 anseperen.
481 2790 516 2800 -
539 2761 568 2815 si
585 2776 645 2829 per
663 2776 733 2815 eos:
786 2759 880 2828 Remi,
909 2761 955 2816 die
977 2776 1014 2815 en
1038 2761 1102 2816 dem
1121 2761 1223 2830 Kriege
1248 2761 1352 2816 keinen

171 2831 241 2884 iiber
264 2831 288 2884 si
304 2831 383 2885 siche
404 2836 432 2898 1,
452 2837 468 2885 8
489 2850 523 2885 zu
542 2831 565 2885 si
583 2832 613 2884 in
631 2830 733 2886 Helve·
787 2830 871 2885 Tbeil
888 2848 1062 2901 genommen.
1078 2861 1112 2872 -
1129 2837 1154 2885 8.
1172 2831 1350 2887 Bibracte:

170 2901 262 2955 tii-
286 2901 461 2956 destiterunt.
482 2928 518 2942 -
540 2905 614 2956 toto
638 2917 733 2955 exer·
787 2902 874 2972 vergl.
898 2921 932 2956 nu
955 2920 977 2957 e.
997 2907 1040 2957 ot.
1069 2934 1103 2943 -
1130 2902 1192 2956 His
1209 2901 1350 2958 litteris

171 2972 272 3026 citui:
287 2972 418 3027 bemerke
432 2971 477 3026 die
487 2972 623 3033 seltenere
635 2972 733 3026 Detiv·
787 2973 955 3043 cognitis:
973 2973 1056 3029 Diese
1069 2973 1168 3027 Lesart
1183 2973 1221 3028 ist
1239 2973 1350 3029 unrich·

172 3042 245 3097 form
266 3045 341 3112 t0t03
365 3061 386 3098 s.
405 3047 434 3110 5,
453 3048 500 3111 27,
520 3048 536 3096 ὁ
560 3061 593 3096 zu
614 3043 733 3097 alterne:
786 3042 842 3112 tig3
870 3043 1015 3098 vielleicht
1041 3043 1158 3114 richtig:
1190 3043 1234 3099 bis
1267 3045 1349 3100 rebus

168 3113 265 3182 jedem
284 3113 430 3169 einzelnen
448 3112 582 3168 Sdldatcn
600 3113 649 3168 des
661 3113 733 3168 Hee-

172 3201 225 3238 res.
245 3215 280 3224 -
297 3185 444 3254 praedae
461 3185 609 3238 nomine:
629 3202 650 3240 s.
667 3174 693 3250 B,
727 3227 733 3252 ,
788 3185 894 3240 ditur:
918 3204 981 3239 zum
999 3185 1081 3240 Denk
1098 3186 1295 3256 dergebracht.
1316 3218 1348 3226 -

172 3259 243 3307 uzu
265 3255 394 3309 obsidum
412 3255 533 3309 nomine.
558 3285 591 3295 -
618 3254 735 3323 capita.
787 3255 919 3310 dierum
941 3255 1081 3326 viginti:
1109 3257 1217 3311 hierfiir
1241 3257 1348 3312 kdnnte

171 3323 325 3450 sirpgnlpp
342 3325 424 3449 epnen
441 3326 534 3450 Mpnp.
656 3396 662 3408 ι
696 3396 721 3450 ,ᾖ
787 3342 818 3450 ἒς
832 3327 907 3450 puch
928 3327 1055 3382 heissen?
1083 3327 1250 3398 Vergleiohe
1270 3334 1295 3396 2,
1314 3333 1349 3383 at

248 3412 275 3463 p.
328 3438 333 3448 .
372 3412 733 3466 .erv1aemreerp1:
813 3414 831 3449 n
852 3413 875 3451 e.

786 3114 889 3168 litteris
909 3113 1034 3169 Caesarie
1058 3115 1185 3185 cognitis.
1212 3147 1246 3156 -
1272 3117 1350 3171 red·
