2804 4778
135 201 176 266 16
524 196 583 252 'DE
602 195 720 252 BELLO
741 195 898 252 GALLICO

133 367 268 448 habebat,
291 369 322 427 in
345 366 391 426 his
409 365 551 426 Divitiaco
571 373 602 427 et
624 362 719 439 Lisco,
743 365 795 443 qui
818 381 933 424 summo
951 361 1134 442 magistratui
1155 371 1300 441 praeerat,

133 475 222 536 quem
250 454 458 535 vergobretum
487 452 635 534 appellant
661 452 769 532 hedui,
797 454 849 530 qui
877 460 995 512 creetur
1023 469 1139 512 annuus
1167 459 1198 512 et
1225 452 1299 513 vitae

99 558 115 606 6
134 548 274 624 necisque
297 547 328 604 in
347 562 417 604 suos
439 540 530 602 habet
551 548 739 622 potestatem,
757 543 886 620 graviter
908 559 960 601 eos
979 548 1106 620 accusat,
1125 539 1214 620 quod,
1234 558 1301 601 cum

134 652 230 713 neque
254 635 312 694 emi
339 649 437 710 neque
465 650 501 691 ex
529 633 607 709 agris
637 631 714 692 sumi
740 637 855 711 posset,
882 639 942 690 tam
966 630 1133 690 necessario
1156 636 1300 710 tempore,

85 725 108 803 J
134 731 193 783 tam
221 722 398 801 propinquis
425 719 563 804 hostibus
592 717 629 778 ab
657 720 694 778 iis
721 736 781 778 non
814 717 998 798 sublevetur,
1027 720 1203 797 praesertim
1235 735 1301 778 cum

132 829 236 890 magna
259 829 296 870 ex
318 817 403 889 parte
424 826 527 869 eorum
549 806 689 887 precibus
713 807 857 869 adductus
875 806 986 868 bellum
1007 808 1185 886 susceperit3
1209 805 1300 868 multo

133 901 221 960 etiam
244 900 372 978 gravius,
396 896 475 976 quod
499 899 537 957 sit
560 895 729 977 destitutus,
753 898 897 974 queritur.

223 1002 272 1065 17.
302 1003 378 1064 Tum
408 1004 527 1063 demum
559 1002 663 1062 Liscus
696 1004 828 1063 oratione
861 1001 995 1062 Caesaris
1032 1001 1190 1082 adductus,
1224 1002 1301 1080 quod

100 1103 221 1158 aantea
240 1100 382 1173 tacuerat,
404 1087 556 1171 proponit:
584 1089 657 1151 Esse
680 1090 852 1171 nonnullos,
880 1109 1007 1169 quorum
1035 1093 1194 1152 auctoritas
1226 1091 1302 1170 apud

132 1181 251 1262 plebem
283 1182 444 1260 plurimum
479 1179 587 1261 valeat,
625 1181 676 1259 qui
707 1182 843 1259 privatim
879 1179 946 1259 plus
977 1181 1093 1259 possint
1124 1197 1214 1258 pam
1245 1182 1302 1260 ipsi

133 1272 331 1349 magistratus.
376 1268 438 1328 Hos
466 1266 604 1329 seditiosa
637 1277 725 1347 atque
752 1267 888 1348 improba
918 1271 1049 1330 oratione
1081 1266 1304 1329 multitudinem

97 1358 298 1440 edomuere,
331 1376 368 1417 ne
399 1358 581 1418 frumentum
613 1356 780 1438 conterant,
812 1357 890 1436 quod
918 1356 1056 1419 debeant:
1085 1364 1248 1436 praestare,
1279 1360 1303 1418 si

133 1450 191 1508 iam
222 1448 421 1526 principatum
458 1444 566 1506 Galliae
603 1444 737 1507 obtinere
773 1463 834 1506 non
871 1449 999 1527 possint,
1032 1444 1183 1506 Gallorum
1214 1464 1303 1524 quam

95 1536 331 1597 themanorum
358 1536 482 1613 imperia
510 1534 659 1615 perterre,
687 1552 784 1613 neque
811 1534 960 1615 dubitare,
989 1537 1074 1616 quin,
1104 1535 1129 1594 si
1152 1532 1303 1596 Helvetios

133 1625 338 1703 superaverint
367 1623 505 1704 Romani,
538 1641 595 1683 una
626 1640 695 1683 cum
727 1615 841 1702 rehqua
871 1621 961 1684 Galba
995 1622 1104 1684 Aeduis
1133 1622 1304 1684 libertatem

98 1714 193 1774 tsint
220 1714 361 1792 erepturi.
407 1710 450 1771 Ab
482 1710 592 1771 eisdem
618 1719 722 1772 nostra
749 1711 870 1773 consilia
898 1730 1033 1792 quaeque
1061 1713 1092 1773 in
1119 1713 1225 1772 castris
1255 1731 1303 1792 ge-

98 1808 236 1864 arantur
268 1799 404 1862 hostibus
437 1801 599 1860 enuntiari:
631 1799 685 1859 bos
718 1817 735 1860 a
762 1818 794 1860 se
825 1803 957 1862 coerceri
989 1819 1049 1860 non
1080 1818 1177 1880 posse.
1224 1799 1303 1871 Quin

134 1892 235 1971 etiam,
259 1889 336 1969 quod
356 1889 554 1950 necessariam
577 1906 650 1963 rem
664 1897 785 1949 coactus
804 1889 922 1950 Caesari
941 1890 1111 1969 enuntiarit,
1129 1888 1303 1969 intellegere
1340 1892 1342 1911 ¹

133 1998 208 2060 sese,
231 1987 340 2057 quanto
364 1977 394 2038 id
414 1995 482 2038 cum
505 1975 638 2056 periculo
663 1977 775 2058 lecerit,
799 1986 829 2039 et
852 1978 889 2038 ob
909 1996 974 2038 eam
993 1995 1120 2058 causam,
1143 1995 1231 2056 quam
1252 1977 1304 2039 diu
1340 1956 1342 2053 l

132 2070 272 2148 potuerit,
296 2069 432 2127 tacuisse.

224 2171 273 2235 18.
297 2173 405 2234 Caesar
427 2172 482 2233 bac
506 2173 639 2233 oratione
663 2172 741 2233 Lisci
764 2172 989 2253 Dumnorigem,
1011 2173 1146 2234 Divitiaci
1170 2152 1304 2254 fratrem,
1340 2140 1342 2191 ἲ

134 2261 283 2342 designari
306 2260 460 2341 sentiebat,
484 2261 544 2341 sed,
569 2260 647 2339 qnod
670 2259 806 2340 pluribus
828 2261 1035 2342 praesentibus
1055 2279 1104 2322 eas
1128 2278 1176 2322 res
1199 2264 1304 2323 iactari
1341 2316 1342 2321 ,

133 2517 688 2574 inhie2untarandern.——Divitiaco
744 2538 778 2574 zu
797 2520 845 2589 qui
869 2520 989 2575 videant.
1009 2552 1042 2560 —
1062 2528 1086 2577 3.
1106 2523 1301 2592 praestare:

133 2591 167 2644 et
180 2589 279 2644 Lisco
298 2589 359 2643 sind
377 2588 453 2655 Abl.;
473 2588 638 2659 Apposition
656 2609 690 2643 su
743 2591 800 2661 vgb
831 2597 859 2660 7,
889 2596 920 2645 tt
948 2595 1088 2662 praestare
1117 2609 1211 2648 omnes
1240 2610 1304 2663 per·

132 2659 312 2731 principibus.
332 2691 365 2700 -
390 2658 448 2729 qui
472 2662 691 2730 -praeerat
744 2662 815 2718 ferre
838 2662 1022 2730 acerbitates,
1049 2683 1134 2734 quam
1156 2679 1212 2719 non
1235 2665 1304 2720 civi·

132 2732 193 2786 iibs.
211 2731 282 2786 nach
301 2737 354 2786 c.3
374 2749 408 2786 zu
426 2747 498 2800 quae
517 2762 551 2772 —
569 2731 690 2802 pertine-
745 2732 797 2787 bus
823 2733 955 2788 Romanis
987 2765 1020 2774 —
1047 2737 1234 2816 parentarent.
1270 2768 1304 2777 —

132 2806 201 2858 rent.
231 2833 262 2842 -
291 2819 388 2885 quem
415 2803 613 2873 appellant,
641 2802 690 2871 qui
743 2803 992 2874 principatum:
1026 2806 1071 2860 ‹he
1104 2808 1177 2861 erate
1206 2807 1303 2864 Stelle.

133 2876 198 2929 ebe:
212 2874 465 2929 Relntrvsataevon
474 2873 690 2944 gleichemVer-
744 2905 778 2916 —
806 2882 831 2930 4.
864 2875 947 2944 quin
975 2907 1008 2918 -
1036 2877 1193 2932 Romani:
1224 2877 1304 2934 aiehe

131 2944 251 3000 h'atltniss
273 2964 307 2999 nu
330 2945 463 3013 einander
486 2961 580 3000 waren
604 2944 690 2998 sehon
744 2946 794 3002 das
826 2946 880 3001 den
912 2947 1014 3002 beiden
1046 2947 1146 3003 Satzen
1178 2951 1304 3019 gemein-

132 3016 237 3071 incl
258 3015 301 3073 da
325 3047 359 3055 -
384 3023 408 3071 6.
432 3032 517 3070 cum:
542 3016 579 3070 da
603 3015 689 3082 doch3
744 3017 910 3072 schaftliche
952 3018 1066 3090 Sanect
1102 3019 1222 3074 Romani
1262 3021 1302 3076 im

132 3088 188 3156 vgl.
217 3104 240 3141 c.
270 3093 311 3143 14.
339 3118 372 3126 -
402 3087 554 3154 accusat,
588 3085 690 3154 quod,
743 3088 903 3144 Deutschen
948 3106 998 3144 aus
1039 3089 1103 3144 dem
1149 3087 1303 3148 Zvvisclaen-

133 3175 205 3212 cum
229 3188 262 3196 -
285 3159 413 3227 posset,
440 3172 506 3211 non
532 3156 691 3211 subleve-
745 3161 819 3214 satae
847 3159 871 3214 ai
894 3191 927 3199 —
953 3160 1072 3215 Romani
1098 3180 1131 3216 au
1161 3161 1227 3216 dem
1251 3164 1304 3218 mit

133 3231 199 3282 tur:
228 3227 351 3297 Beispiel
378 3226 423 3282 for
450 3226 496 3282 die
517 3227 608 3281 Lehre
636 3243 691 3281 von
745 3230 812 3299 quin
848 3230 1053 3301 eingeleiteten,
1090 3262 1124 3272 -
1161 3250 1303 3302 supera·

132 3301 182 3354 der
210 3298 321 3354 Consec.
349 3299 434 3367 temp.
463 3328 496 3336 —
525 3297 602 3363 emi,
632 3299 690 3352 ent·
743 3300 870 3355 verint:
886 3301 935 3356 der
949 3301 1025 3373 (ionj.
1036 3302 1107 3358 Peri.
1124 3303 1235 3358 vertritt
1249 3305 1304 3360 den

132 3370 225 3426 vreder
249 3368 314 3423 weil
342 3368 393 3422 das
418 3366 549 3422 Geireide
577 3368 691 3422 thenrer
745 3370 822 3441 Conj.
836 3372 899 3428 Fut.
914 3373 1011 3428 exacti.
1026 3405 1059 3414 —
1075 3392 1149 3430 cum
1166 3374 1305 3445 reliqna

132 3458 191 3495 vvar
209 3440 276 3495 oder
300 3439 345 3494 die
364 3438 476 3492 Aeduer
495 3439 550 3492 den
568 3437 694 3492 Einheuf
744 3442 861 3497 Gallia
893 3444 1017 3499 Aeduis
1050 3471 1083 3490 =
1117 3448 1145 3500 et
1176 3445 1303 3515 reliquae
1338 3465 1340 3523 t

132 3511 288 3565 hinderten.
322 3540 356 3548 -
393 3510 462 3563 tam
494 3509 690 3564 necessario
744 3513 853 3569 Galliae
867 3515 1112 3572 etAeduis.—5.
1132 3532 1300 3586 quaeque:
1339 3530 1340 3579 3

133 3580 297 3650 (arengerii)
324 3582 478 3662 tempore
505 3599 531 3636 u.
558 3582 628 3635 tam
655 3611 689 3621 -—
745 3601 808 3653 que
835 3586 909 3653 „und
936 3587 1120 3658 riberhaupt“.
1148 3617 1182 3627 ·-
1215 3604 1303 3656 quae

133 3651 305 3707 hostibus:
330 3651 411 3706 berde
438 3652 518 3707 Sitne
543 3651 605 3706 sind
633 3652 688 3707 abl.
743 3659 907 3725 gerantur
933 3659 1044 3713 enthtilt
1071 3658 1117 3714 ein
1145 3657 1238 3715 Subst.
1268 3690 1303 3701 -

133 3725 193 3778 abs.
217 3753 251 3762 -
274 3723 382 3777 multo
407 3721 510 3777 etiam
535 3723 689 3793 gravius:
744 3734 768 3783 6.
785 3727 872 3793 Quin
891 3728 1007 3784 etiam:
1023 3729 1055 3799 ja
1073 3746 1164 3799 sogar.
1184 3730 1304 3786 -iiber

135 3795 202 3849 aber
219 3794 291 3849 noch
309 3794 376 3850 vveit
392 3795 479 3849 mehr.
509 3854 511 3859 ,
743 3799 833 3868 quod
852 3830 885 3838 —
909 3799 1104 3855 enuntiarit
1128 3819 1148 3854 s.
1172 3817 1195 3854 c.
1215 3807 1249 3856 13
1269 3820 1304 3856 au

743 3870 871 3939 quod-
891 3872 1004 3926 adortus
1023 3874 1105 3926 esset.
1125 3902 1157 3910 -
1181 3887 1303 3929 ueces-

169 3935 235 4006 Oap.
260 3943 301 3992 17.
335 3943 359 3992 1.
386 3937 562 4006 proponit:
594 3936 690 4006 bringt
744 3940 871 3996 sariam
888 3959 957 3996 rem
976 3944 1127 3997 coactus:
1147 3941 1210 3997 eine
1228 3942 1304 3998 drin-

133 4025 191 4063 vor.
218 4039 252 4048 -
280 4015 304 4065 2.
331 4007 495 4079 privatim
519 4034 552 4054 =
577 4008 689 4079 privati,
744 4012 833 4086 gendo
861 4013 950 4067 Socho
981 4012 1037 4080 (die
1065 4031 1096 4068 er
1124 4013 1188 4068 dem
1217 4012 1303 4071 Gbsar

135 4079 176 4133 als
189 4079 429 4149 Privatpersonen‚
445 4079 516 4137 ohne
531 4080 576 4134 eiu
590 4079 688 4134 offent-
744 4099 830 4150 sagen
852 4085 968 4153 miisste)
992 4100 1161 4154 gezvrungen
1180 4103 1206 4140 u.
1227 4103 1247 4143 s.
1267 4103 1302 4140 vr.

134 4150 220 4205 liehes
238 4151 298 4205 obri
318 4150 466 4206 keitliches
485 4151 552 4204 Amt
574 4150 691 4204 inne'zu
1340 4175 1342 4189 ι

134 4221 233 4276 haben.
260 4168 691 4302 vgl.s‚azpsingil1atirn.-
782 4222 849 4294 Cap.
875 4232 915 4282 18.
949 4227 1157 4296 spiriritus
1181 4228 1238 4283 bet.
1268 4258 1301 4266 —
1341 4236 1342 4255 ³

134 4292 327 4347 conferant:
347 4291 623 4361 dazn1stdasSnbp.
642 4308 691 4346 aue
745 4297 990 4363 praesentibus
1022 4298 1112 4353 vibere.
1141 4299 1229 4353 durch
1258 4299 1303 4361 ein

134 4362 284 4418 multitudo
308 4381 342 4417 zu
365 4362 491 4418 nehmen.
528 4362 592 4432 vgl.
616 4380 637 4417 o.
658 4368 691 4440 tt>
747 4365 889 4424 Substant.
914 4400 947 4408 -
971 4368 1110 4424 iactari:
1133 4369 1183 4424 hin
1206 4389 1232 4425 u.
1253 4370 1303 4427 her
1340 4404 1342 4423 t
