2804 4778
182 233 246 298 178
584 231 632 285 DE
650 231 770 286 BELLO
789 229 946 287 GALLIGO

269 399 299 462 9.
328 401 447 482 Caesar,
474 408 632 479 postquam
655 417 691 458 ex
718 398 861 477 Menapiis
891 400 922 458 in
945 398 1091 459 Treveros
1114 402 1208 480 venit,
1232 400 1352 462 duabus

146 491 217 551 ade
250 493 347 550 causis
374 488 512 549 Rhenum
543 489 670 547 transire
704 489 872 548 constituit:
910 505 1036 566 quarum
1070 506 1127 548 una
1160 497 1237 569 erat,
1270 491 1352 569 quod

180 579 286 641 auxilia
319 587 422 639 contra
449 596 481 638 se
509 576 647 636 Treveris
675 578 830 656 miserant,
857 575 963 656 altera,
990 594 1027 636 ne
1060 576 1096 637 ad
1124 596 1176 638 eos
1198 577 1353 640 Ambiorix

145 681 161 730 3
181 678 334 746 receptum
357 666 488 727 baberet.
515 665 569 724 llis
588 667 757 725 constitutis
779 664 871 724 rebus
893 664 1014 744 paulum
1038 684 1127 744 supra
1150 685 1219 726 eum
1242 666 1352 749 locum,

145 770 163 817 4
182 776 241 837 quo
261 765 329 816 ante
349 758 514 816 exercitum
532 753 717 833 traduxerat,
740 755 838 813 facere
857 762 978 832 pontem
997 755 1134 815 instituit.
1167 755 1242 816 Nota
1261 764 1352 835 atque

180 849 317 907 instituta
340 847 453 904 ratione
477 861 582 921 magno
601 842 728 903 militum
747 842 845 903 studio
868 845 971 921 paucis
993 841 1099 903 diebus
1118 862 1193 923 opus
1212 845 1352 906 efficitur.

145 947 161 996 5
180 935 280 995 Firmo
303 936 334 993 iu
353 933 491 993 Treveris
514 931 549 990 ad
572 940 693 1010 pontem
716 931 864 1009 praesidio
887 931 1001 1010 relicto,
1024 950 1062 992 ne
1087 935 1154 1011 quis
1177 932 1213 992 ab
1236 933 1283 993 his
1302 953 1352 995 su·

145 1036 160 1085 6
180 1024 241 1085 bito
265 1031 363 1082 motus
386 1029 537 1099 oreretur,
564 1019 693 1098 reliquas
717 1022 816 1100 copias
840 1021 1063 1099 equitatumque
1086 1020 1225 1082 traducit.
1272 1021 1350 1103 Ubii,

179 1115 231 1192 qui
254 1120 321 1172 ante
345 1109 463 1170 obsides
486 1108 628 1169 dederant
651 1117 739 1186 atque
762 1110 793 1168 in
817 1109 997 1169 deditionem
1020 1118 1175 1192 venerant,
1202 1112 1351 1189 purgandi

179 1203 226 1262 sui
254 1217 341 1260 causa
369 1198 497 1258 adeum
524 1197 635 1276 legatos
664 1200 798 1279 mittunt,
826 1200 878 1276 qui
905 1198 1031 1258 doceant
1058 1217 1156 1276 neque
1184 1199 1292 1260 auxilia
1316 1219 1353 1260 ex

145 1303 233 1351 asna
256 1290 374 1348 civitate
397 1288 428 1346 in
451 1287 597 1346 Treveros
621 1289 710 1347 missa
737 1305 834 1365 neque
857 1286 893 1346 ab
918 1305 949 1346 se
977 1287 1066 1348 fidem
1093 1286 1216 1349 laesam:
1245 1298 1354 1368 petunt

180 1387 267 1456 atque
291 1384 389 1450 orant,
417 1383 451 1435 ut
474 1375 530 1435 sibi
552 1383 668 1455 parcat,
696 1394 734 1436 ne
758 1378 908 1436 communi
937 1375 1004 1435 odio
1028 1375 1244 1437 Germanorum
1267 1379 1352 1438 iuno·

180 1475 282 1527 centes
304 1483 358 1544 pro
382 1463 558 1525 nocentibus
581 1482 692 1543 poenas
715 1464 859 1545 pendant3
887 1466 912 1524 si
935 1465 1061 1542 amplius
1088 1464 1226 1526 obsidum
1255 1466 1353 1549 vellet,

144 1556 249 1617 8dare
277 1553 463 1634 pollicentur.
509 1551 633 1631 Cognita
656 1551 763 1613 Caesar
792 1570 880 1613 causa
907 1556 1020 1633 reperit
1047 1552 1083 1613 ab
1107 1552 1214 1615 Suebis
1244 1556 1351 1616 auxilia

179 1647 269 1704 missa
292 1661 371 1721 esse3
394 1641 537 1702 Ubiorum
562 1642 792 1702 satisfactionem
816 1643 931 1723 accipit3
955 1642 1052 1703 aditus
1074 1644 1196 1720 viasque
1218 1645 1252 1703 in
1276 1643 1349 1704 Sue-

180 1732 233 1792 bos
256 1733 412 1812 perquirit.

270 1819 319 1882 10.
346 1819 469 1880 Interim
499 1821 601 1898 paucis
630 1827 699 1898 post
727 1818 832 1879 diebus
861 1820 893 1879 frt
921 1818 956 1878 ab
984 1818 1067 1879 Ubiis
1098 1821 1209 1880 certior
1234 1821 1350 1882 Suebos

178 1929 281 1971 omnes
309 1912 339 1970 in
367 1926 461 1969 unum
487 1908 586 1968 locum
613 1911 712 1987 copias
740 1926 846 1987 cogere
875 1915 963 1986 atque
991 1910 1028 1967 iis
1058 1908 1243 1991 nationibus,
1275 1929 1350 1989 quac

179 1999 234 2060 sub
258 2016 362 2060 eorum
386 2000 445 2058 sint
467 1999 601 2077 imperio,
624 1997 809 2078 denuntiare,
831 2004 866 2057 ut
888 1996 995 2056 auxilia
1017 1996 1166 2075 peditatus
1185 2001 1349 2076 equitatus·

142 2102 159 2152 t
179 2108 236 2167 que
259 2090 386 2149 mittant.
423 2086 476 2146 llis
495 2088 620 2164 cognitis
638 2085 730 2147 rebus
748 2105 813 2146 rem
831 2086 1055 2145 frumentariam
1074 2085 1219 2168 providet,
1242 2090 1349 2148 castris

179 2232 241 2348 que
269 2275 460 2345 imperium:
488 2275 538 2329 das
560 2274 736 2328 Verhttltniss
790 2277 892 2330 etn-
910 2280 935 2330 4.
955 2274 1134 2329 instituta:
1152 2274 1352 2345 hergebracht,

179 2349 316 2402 zwischen
333 2346 434 2400 beiden
448 2345 540 2402 Subst.
559 2345 630 2398 wind
649 2347 736 2400 schon
789 2344 1010 2414 herkdmmlioh3
1047 2346 1150 2400 abenso
1182 2362 1205 2401 c.
1239 2352 1284 2401 34.
1315 2377 1349 2387 —-

179 2420 267 2472 durch
283 2419 333 2471 das
347 2416 505 2485 steigernde
519 2418 604 2485 atque
619 2416 735 2470 klar.-
789 2421 814 2471 6.
839 2417 909 2485 quis
932 2446 966 2457 —
989 2416 1104 2472 subito
1126 2418 1251 2472 motus:
1279 2419 1348 2473 tiber

178 2488 399 2559 principatus
426 2488 528 2560 atque
556 2487 735 2556 imperium
789 2487 883 2542 subito
902 2507 922 2541 s.
942 2493 971 2555 5,
990 2493 1024 2542 58
1043 2487 1156 2558 Anihng
1178 2506 1212 2542 zu
1234 2489 1264 2543 in
1281 2490 1348 2545 dies.

179 2561 232 2615 est
254 2559 436 2614 traditum=
461 2559 506 2612 fiir
523 2559 629 2612 welche
647 2557 737 2627 Regel
789 2587 823 2598 -
843 2565 867 2612 6.
885 2561 978 2613 ante:
1002 2577 1022 2614 s.
1041 2565 1067 2626 4,
1088 2566 1120 2615 16
1143 2575 1200 2614 von
1218 2559 1284 2615 Ubii
1305 2577 1351 2615 an.

179 2632 225 2686 ein
243 2630 384 2700 Beispiel?
404 2661 435 2670 -
455 2629 682 2699 permansisse
701 2629 735 2682 in
789 2661 823 2671 -
837 2629 872 2683 in
890 2629 1114 2684 deditionem:
1130 2649 1150 2684 s.
1162 2632 1295 2687 c.3aud.
1305 2632 1351 2688 W.

180 2703 315 2758 officio:
341 2702 395 2755 den
420 2701 470 2755 lnf.
497 2700 557 2757 iibs.
584 2700 735 2755 substanti·
788 2701 1006 2771 -purgandi
1025 2700 1077 2755 sui
1100 2701 1352 2772 causarBsispiel

178 2775 265 2843 visch,
283 2775 314 2828 in
332 2772 423 2827 officio
442 2772 633 2842 adjectivisch.
788 2771 834 2825 fiir
852 2772 958 2826 welche
972 2772 1078 2841 Regel?
1097 2772 1191 2842 Vergl.
1205 2778 1232 2842 3,
1241 2779 1266 2842 4,
1278 2766 1303 2828 ’1.
1316 2805 1353 2814 -

790 2849 814 2902 ⁷.
828 2845 952 2912 petunt
970 2846 1074 2912 atque
1091 2844 1200 2898 orant:
1221 2845 1310 2914 vergl.
1325 2850 1352 2914 ὅ,

178 2916 212 2970 II.
233 2917 331 2971 Ctsars
350 2915 463 2968 aweiter
480 2914 649 2984 Uebergaurg
666 2912 736 2966 iiber
789 2919 840 2982 22,
859 2919 874 2966 5
898 2933 933 2967 zu
949 2914 1092 2969 interdicit
1114 2916 1199 2982 abque
1222 2915 1353 2985 imperat

373 2986 428 3039 den
445 2985 545 3040 Rhein.
789 3016 824 3025 -
839 2984 1017 3039 communi:
1036 2985 1206 3041 winderhole
1220 2985 1266 3041 die
1280 2988 1353 3040 Aus-

240 3166 242 3169 ,
314 3058 388 3160 'c
408 3098 432 3159 a
453 3098 495 3159 10,
514 3093 567 3161 29·)
789 3056 1354 3198 3ῗέἕὲῗὲε’ἓέἥέῗὲἰῗῖΐέἕὲιὲῑὲῒ

179 3197 399 3266 Vergleichende
435 3196 615 3266 Darstellnng
653 3197 737 3266 galli-
790 3197 902 3266 cigentl.
918 3197 963 3251 ein
972 3197 1352 3268 weitoreuumtassenderes,

207 3270 286 3323 acher
303 3268 361 3321 und
379 3267 587 3338 germanisoher
606 3267 705 3324 Sitten.
790 3275 929 3338 grosseres
954 3269 1055 3324 Maass.
1101 3269 1198 3324 Dieser
1227 3270 1294 3324 Sata
1322 3272 1353 3325 s'i

366 3371 406 3440 <0
428 3375 551 3442 11-2⁸·>
790 3338 1354 3483 restauraturum

215 3480 316 3547 Capti.
337 3478 523 3550 DiesCapitel
536 3480 738 3535 schliesstaich
790 3481 864 3536 nita
892 3497 1006 3536 causa:
1035 3498 1201 3552 cognoscere
1228 3498 1352 3552 causam,

180 3568 230 3605 ans
254 3551 332 3604 Ende
358 3551 407 3604 des
432 3568 454 3607 c.
482 3559 507 3608 6.
533 3583 566 3592 —
593 3558 617 3606 2.
636 3552 734 3606 mise·
788 3552 833 3606 die
848 3551 938 3607 Sache
955 3553 1254 3609 untersuchen.—ab
1269 3553 1355 3610 Sue·

179 3624 268 3677 rant:
301 3621 424 3676 ntmlich
456 3622 668 3678 Transrhenani.
701 3654 735 3663 -
789 3623 840 3678 bis
869 3625 921 3678 etc.
950 3624 1040 3680 iibere.
1068 3623 1140 3678 nach
1165 3630 1195 3692 1,
1219 3630 1235 3678 7
1262 3643 1298 3680 zu
1320 3627 1353 3682 L.

179 3701 204 3748 3.
224 3693 281 3747 His
300 3694 507 3748 constitutis
530 3696 643 3749 rebus:
672 3711 736 3749 con·
791 3693 924 3751 Cassium.
949 3725 983 3734 —-
1006 3694 1181 3764 perquirit
1203 3695 1292 3750 heisst
1314 3713 1354 3766 es,

179 3764 299 3831 stitutis,
317 3764 371 3818 mit
388 3764 542 3820 Rrichsicht
560 3766 675 3821 auidas
693 3782 736 3820 so·
789 3767 869 3820 nicht
887 3767 1005 3834 quaerit.

179 3836 737 3907 ebenvorhergegangenecunstituitge-
826 3836 892 3906 Cap.
912 3843 954 3892 10.
983 3843 1007 3890 1.
1037 3853 1151 3892 omnes
1177 3836 1212 3890 in
1236 3856 1354 3894 unum:

180 3910 250 3976 sagt,
268 3907 307 3962 ist
325 3908 397 3961 auch
414 3907 467 3961 wie
490 3908 580 3963 dieses
604 3926 639 3961 zu
656 3908 736 3962 tiber-
790 3926 839 3962 aur
856 3909 1061 3978 Wortstellung
1083 3908 1242 3977 vergleiche
1261 3914 1287 3977 6,
1306 3915 1351 3978 48,

179 3981 283 4045 setzen3
307 3979 547 4033 benchtenswerth
569 3978 619 4032 der
641 3978 738 4032 Plural
790 3985 808 4032 4
835 3998 870 4033 nu
891 3982 988 4035 nostra
1010 3980 1046 4034 ab
1074 3979 1202 4034 hostibus
1226 3979 1352 4036 consilia.

179 4050 224 4103 his
243 4080 276 4113 ‚-
295 4050 386 4104 rebus
406 4081 438 4090 -
462 4050 603 4119 paulum
622 4066 735 4119 supra:
789 4079 823 4090 —
847 4068 933 4119 qnae
956 4081 990 4091 -
1014 4051 1086 4105 sint
1107 4051 1281 4107 nmachreibt
1304 4052 1352 4106 ein

180 4121 230 4175 der
247 4122 311 4176 Aoo.
332 4139 395 4174 zum
413 4121 561 4175 Ausdrnck
583 4121 633 4176 der
650 4121 736 4175 unbe-
789 4121 912 4192 Particip
931 4123 997 4177 oder
1014 4120 1153 4192 Adiectiv.
1169 4153 1203 4162 —
1217 4122 1354 4177 auxilia

181 4192 325 4246 stimmten
351 4194 468 4262 Angaba
496 4192 545 4246 dea
568 4193 672 4247 Masses
698 4192 737 4246 ist
789 4191 969 4262 peditatus
997 4193 1261 4263 equitatusque:
1285 4211 1306 4251 a.
1327 4199 1354 4264 6,

179 4262 737 4334 neuencomparutiven(supranatcom-
790 4269 834 4316 47.
866 4293 900 4304 -
933 4270 957 4319 2.
990 4281 1060 4319 rem
1090 4264 1354 4320 frumentariam

179 4333 401 4403 parativbegrill)
433 4335 522 4389 seiton
549 4335 657 4390 anstatt
688 4334 737 4388 des
789 4334 965 4404 providet:
996 4336 1058 4391 cine
1079 4336 1183 4390 andare
1204 4335 1353 4392 Construc-

181 4404 244 4458 Abl.
280 4404 373 4475 Vergl.
394 4421 417 4459 c.
438 4411 469 4459 19
494 4422 526 4459 ac
550 4406 634 4474 paulo
654 4421 738 4476 supra
790 4406 852 4460 tion
873 4423 930 4462 von
952 4407 1100 4477 providere
1123 4405 1199 4462 sicha
1222 4412 1252 4476 3,
1272 4413 1298 4463 3.
1317 4436 1354 4449 -
