2804 4778
170 240 234 303 134
572 237 620 291 DE
639 236 759 292 BELLO
780 235 936 291 Gannico

257 403 287 466 9.
312 404 418 465 Caesar
442 405 575 482 exposito
599 405 733 464 exercitu
756 412 785 463 et
812 403 877 462 loco
901 405 1006 463 castris
1034 403 1140 463 idoneo
1164 405 1265 484 capto',
1290 403 1344 463 ubi

169 514 205 555 ex
221 496 342 573 captivis
362 495 506 572 cognovit,
526 511 585 570 quo
604 495 635 552 in
653 492 718 552 loco
737 492 867 551 hostium
885 494 986 570 copiae
1006 491 1220 572 consedissent,
1235 491 1343 552 cohor-

168 583 247 644 tibus
272 581 298 641 x
321 581 356 641 ad
381 599 461 641 mare
485 581 597 641 relictis
621 589 650 641 et
675 580 824 659 equitibus
848 578 932 658 CCC,
961 582 1013 658 qui
1040 581 1187 660 praesidio
1217 579 1344 641 navibus

169 679 277 751 essent,
302 671 337 731 de
362 672 451 730 tertia
479 669 575 748 vigilia
598 669 634 729 ad
657 669 758 729 hostes
786 668 939 729 contendit
969 687 1004 728 eo
1027 671 1126 729 minus
1153 671 1267 729 veritus
1293 688 1344 729 na-

168 759 262 841 vibus,
286 760 365 838 quod
389 762 420 819 in
438 758 524 818 litore
544 758 624 817 molli
647 765 735 836 atque
754 764 856 836 aperto
876 756 1017 835 deligatas
1040 757 1075 816 ad
1095 775 1234 818 ancoram
1252 757 1344 818 relin-

134 861 150 908 2
169 848 287 928 quebat,
311 857 341 908 ct
364 847 511 928 praesidio
532 845 655 906 navibus
674 846 817 916 Quintum
836 846 952 905 Atrium
974 847 1126 925 praefecit.
1162 846 1229 925 lpse
1250 855 1344 907 noctu

168 955 346 1016 progressus
370 935 449 995 milia
476 953 618 1014 passuum
646 937 766 995 circiter
789 933 842 993 llll
865 933 996 994 hostium
1025 937 1124 1014 copias
1152 936 1345 1014 conspicatus

133 1039 149 1087 3
169 1035 223 1087 est.
269 1025 314 1085 llli
337 1027 471 1104 equitatu
494 1032 581 1102 atque
605 1023 718 1083 essedis
741 1023 777 1083 ad
800 1021 911 1082 flumen
934 1025 1087 1102 progressi
1105 1042 1140 1084 ex
1164 1023 1230 1084 loco
1254 1042 1344 1102 supe-

133 1127 151 1174 4
168 1117 248 1174 riore
268 1122 387 1174 nostros
406 1104 565 1192 prohibere
585 1120 615 1171 et
636 1112 784 1191 proelium
803 1113 1180 1190 committerecoeperunt.
1218 1112 1345 1191 Repulsi

169 1203 205 1263 ab
230 1205 363 1281 equitatu
387 1220 418 1261 se
442 1204 473 1260 in
496 1201 583 1261 silvas
605 1200 782 1261 abdiderunt
805 1199 903 1260 locum
926 1203 1027 1260 nancti
1046 1203 1163 1280 egregie
1188 1210 1217 1261 et
1237 1210 1344 1262 natura

170 1300 200 1351 et
223 1309 313 1369 opere
337 1292 493 1371 munitum,
516 1307 606 1368 quem
629 1289 785 1350 domestici
810 1288 888 1369 belli,
910 1296 943 1349 ut
965 1288 1149 1370 videbantur,
1173 1308 1261 1350 causa
1284 1291 1345 1349 iam

134 1391 150 1440 5
171 1388 237 1440 ante
261 1386 522 1458 praeparaverant:
545 1396 613 1437 nam
637 1377 750 1439 crebris
774 1376 930 1437 arboribus
959 1379 1082 1439 succisis
1111 1395 1215 1438 omnes
1238 1380 1344 1439 introi-

134 1477 219 1529 6166
248 1477 333 1528 erant
359 1468 515 1547 praeclusi.
561 1466 621 1545 lpsi
651 1486 687 1526 cx
716 1466 796 1526 silvis
824 1468 884 1525 rari
910 1466 1137 1546 propugnabant
1163 1474 1343 1546 nostrosque

135 1569 150 1618 7
170 1558 249 1616 intra
272 1558 452 1617 munitiones
475 1557 592 1634 ingredi
613 1554 818 1634 prohibebant.
860 1555 897 1614 At
920 1554 1028 1615 milites
1051 1555 1176 1634 legionis
1199 1557 1344 1634 septimae

169 1645 320 1705 testudine
349 1646 425 1705 iacta
453 1653 483 1704 et
512 1662 618 1722 aggere
647 1643 683 1703 ad
711 1645 892 1704 munitiones
924 1644 1038 1704 adiecto
1070 1643 1169 1704 locum
1197 1653 1346 1723 ceperunt

134 1746 280 1812 aeosque
310 1752 346 1793 ex
376 1734 455 1793 silvis
484 1731 662 1811 expulerunt
688 1733 790 1812 paucis
821 1731 993 1792 vulneribus
1023 1735 1161 1812 acceptis
1208 1732 1267 1793 Sed
1292 1751 1345 1793 eos

169 1822 317 1901 fugientes
349 1822 466 1901 longius
497 1820 604 1881 Caesar
636 1823 778 1900 prosequi
809 1821 916 1901 vetuit,
949 1829 979 1881 et
1007 1820 1086 1900 quod
1118 1821 1176 1882 loci
1204 1831 1344 1882 naturam

205 2065 270 2131 Cap.
297 2069 321 2117 9.
352 2070 374 2117 1.
400 2063 572 2131 exposito:
601 2063 678 2118 siehe
701 2070 727 2132 4,
781 2063 861 2116 dabir
876 2064 952 2118 steht
970 2081 1007 2117 an
1020 2063 1143 2117 anderen
1153 2061 1261 2116 Stellen
1279 2062 1344 2130 (wie

169 2141 211 2190 37.
248 2135 416 2188 Uebersetze
442 2134 487 2188 die
512 2134 630 2189 Periode
654 2135 727 2188 nach
781 2153 804 2188 6.
819 2133 850 2187 Β.
866 2150 889 2188 0.
904 2140 953 2199 67;
972 2140 997 2202 3,
1013 2137 1071 2202 23);
1089 2151 1182 2188 manu.
1197 2164 1230 2173 —-
1245 2133 1345 2189 vide·

125 2231 129 2237 ·
170 2205 728 2274 1,19.—·quoinloco:vergl.zur
782 2206 918 2259 bantur:
937 2206 1056 2260 beachte
1074 2205 1128 2259 den
1147 2204 1345 2274 persdnliohen

169 2277 282 2330 Uetere.
308 2283 336 2340 1,
360 2281 394 2329 46
417 2294 451 2328 66
474 2292 530 2342 qua
558 2275 727 2344 arrogantia.
782 2274 928 2330 Gebrauch
948 2292 1003 2330 von
1020 2275 1110 2342 videri
1127 2275 1168 2329 im
1186 2274 1346 2330 Zwisohen-

169 2377 203 2387 -
226 2345 363 2400 relictis
388 2347 481 2400 ubera.
505 2347 578 2399 nach
603 2351 627 2412 1,
652 2352 667 2399 3
693 2365 728 2399 zu
781 2348 848 2401 eata.
873 2378 906 2386 -
929 2348 1011 2401 ante
1038 2349 1345 2417 praeparaverant

168 2432 253 2486 regno
281 2417 418 2484 occupato
440 2417 467 2470 b.
488 2447 520 2455 -
549 2417 588 2470 de
617 2416 728 2470 tertia
781 2417 818 2470 ist
831 2416 898 2471 kein
911 2417 1107 2484 Pleonasmus3
1124 2417 1347 2486 praepararent

169 2487 308 2556 vigilia:
349 2505 397 2540 um
429 2487 535 2541 welche
568 2487 629 2540 Zeit
660 2488 732 2541 nach
787 2487 959 2556 vorrichten,
987 2488 1155 2543 herrichten.
1183 2518 1216 2528 -
1251 2495 1276 2543 6.
1306 2505 1347 2544 ex

169 2575 286 2613 unserer
304 2558 478 2626 Reehnungt
497 2558 731 2627 vergl.1,12.-
786 2558 899 2612 silvis:
925 2559 995 2613 iiber
1013 2576 1046 2614 ex
1065 2559 1140 2614 eiehe
1159 2565 1189 2627 2,
1209 2564 1255 2627 16,
1275 2565 1291 2614 3
1311 2579 1347 2613 66

168 2630 310 2684 veritus
329 2628 484 2683 navibus:
503 2629 547 2682 fiir
565 2628 610 2683 die
630 2629 733 2683 Schiffe
786 2644 820 2682 ex
840 2646 929 2684 muro.
944 2661 977 2669 -
997 2630 1078 2685 rari:
1097 2630 1144 2699 „in
1161 2629 1275 2685 kleinen
1288 2631 1346 2689 Ao-

168 2702 299 2770 besorgt;
328 2701 404 2755 siehe
432 2701 501 2754 iiber
528 2699 631 2754 andere
660 2699 730 2754 Con·
784 2698 950 2770 theilungen
968 2701 1133 2770 plankelten
1151 2701 1192 2755 sie
1209 2717 1260 2755 vor
1279 2701 1346 2756 dam

171 2771 345 2826 structionen
363 2772 412 2825 des
431 2770 543 2826 Wortes
562 2771 653 2826 vereri
671 2788 694 2825 e.
715 2779 730 2827 6
785 2770 911 2825 Walde“.
931 2802 964 2812 -
984 2773 1265 2841 propugnabant:
1295 2789 1347 2828 aus

170 2842 729 2899 666171.-11611616666161166111616
785 2841 877 2896 einem
903 2841 970 2896 Orto
996 2842 1243 2912 herrorkbmplen,
1270 2843 1296 2899 d.
1316 2844 1345 2898 h.

168 2914 263 2968 hinter
291 2914 425 2968 einander
458 2915 584 2983 geeetate
599 2911 730 2968 'navibus
784 2929 840 2967 von
858 2914 917 2966 ihm
937 2930 987 2968 aus
1006 2913 1159 2969 Geschosse
1177 2914 1290 2968 werten.
1311 2946 1345 2954 -

168 2984 729 3055 631.1,4866060116.-111111016
784 2984 1037 3051 prohibebant:
1084 2985 1134 3039 das
1170 2985 1347 3040 Verhindern

168 3056 268 3110 molli
304 3059 406 3124 atque
449 3057 589 3123 aperto:
630 3056 729 3109 molle:
783 3053 877 3124 fingen
902 3056 942 3109 sie
968 3072 1041 3109 zuar
1072 3072 1121 3122 an,
1154 3056 1291 3110 brachten
1317 3073 1347 3111 es

169 3127 244 3180 sanft
281 3127 460 3196 ansteigend3
498 3128 641 3192 apertum:
678 3126 729 3179 frei
785 3125 852 3179 aber
875 3127 954 3181 nicht
976 3145 1024 3180 zur
1042 3126 1233 3195 Vollendung,
1257 3127 1346 3183 daher

168 3195 729 3266 60611616668666611,(1616166631,
784 3196 928 3252 iibersetze
960 3198 1096 3265 „suchten
1128 3216 1162 3251 66
1194 3198 1344 3264 hindern“;

168 3266 228 3320 also
247 3267 320 3320 auch
338 3284 404 3322 vom
421 3266 517 3321 Lande
540 3266 728 3337 1161663663-
785 3266 831 3320 ein
848 3267 960 3336 Imperi.
979 3267 1008 3321 in
1027 3268 1132 3322 diesem
1151 3268 1236 3323 Sinne
1255 3274 1346 3324 nennt

168 3337 233 3392 lich.
252 3368 287 3376 -
306 3337 481 3406 deligatas
499 3336 540 3391 ad
558 3353 731 3392 ancoram:
785 3354 851 3391 man
874 3338 925 3393 das
949 3339 1062 3408 Imperi.
1086 3340 1134 3393 dee
1160 3341 1287 3395 conatus.
1311 3373 1346 3381 -

168 3425 219 3461 vor
238 3408 343 3474 Anker3
367 3408 485 3462 beachte
509 3408 563 3462 den
583 3407 668 3478 Sing,
695 3409 732 3463 da
785 3408 877 3463 Ueber
899 3409 953 3464 den
976 3409 1054 3465 Infin.
1078 3409 1125 3465 bei
1149 3411 1300 3479 prohibere
1324 3431 1346 3466 s.

169 3479 242 3533 doch
253 3478 333 3548 jedes
344 3478 433 3532 Schiff
440 3477 522 3532 einen
533 3477 627 3532 Anker
637 3480 729 3546 batte3
784 3485 809 3546 2,
829 3485 854 3547 4,
874 3487 889 3534 2
909 3499 942 3534 66
961 3480 1071 3550 ingredi
1090 3511 1124 3521 -
1142 3481 1346 3550 prohibuerint.

169 3567 199 3604 es
213 3549 283 3603 wird
302 3550 363 3604 blos
385 3550 434 3604 der
449 3549 557 3620 Begriff
568 3549 617 3604 der
632 3549 729 3618 Sache,
784 3580 817 3590 -
838 3557 862 3604 t.
886 3552 1064 3607 testudine
1083 3552 1191 3607 facta:
1223 3552 1300 3608 siehe
1321 3560 1346 3622 1,

168 3620 248 3674 nicht
262 3623 311 3675 das
325 3622 495 3687 Besondere,
513 3637 550 3674 an
560 3621 657 3691 jedem
671 3621 729 3675 ein·

168 3692 267 3746 661666
282 3692 384 3747 Sehiffe
397 3691 583 3760 Befindliche,
602 3692 729 3747 bezeich-

168 3765 224 3818 net.
251 3795 283 3803 -
312 3767 345 3818 et
373 3762 547 3833 praesidio
570 3763 729 3819 navibus:

168 3834 287 3889 navibus
329 3834 367 3890 ist
406 3852 463 3889 von
504 3835 643 3902 praesidio
682 3835 729 3889 ab·

168 3905 292 3975 h'atngig:
356 3905 730 3975 Bedeckungsmannschaft,

169 3975 457 4032 Schutzmannschaft.
486 3977 597 4031 Andere
616 3977 729 4032 Lesart:

168 4048 306 4116 praesidio
321 4049 502 4117 navibusque.
527 4044 564 4102 Et
576 4046 653 4103 verb.
665 4063 728 4102 eon·

167 4120 261 4173 tendit
278 4138 305 4173 6.
325 4120 468 4189 praefecit.
493 4149 523 4160 -
542 4125 567 4173 3.
586 4117 730 4173 flumen:

168 4189 218 4243 der
235 4190 317 4244 Fluss
337 4191 427 4260 Stour.
451 4221 485 4230 —
510 4196 536 4244 4.
564 4190 599 4243 in
624 4190 731 4244 silvas

168 4260 390 4315 abdiderunt:
420 4261 496 4315 siche
525 4267 551 4329 4,
582 4264 623 4327 18,
651 4267 669 4314 4
699 4279 733 4314 zu

162 4331 218 4395 den
246 4331 376 4399 Worten,·
405 4333 475 4386 iiber
503 4332 557 4385 den
587 4330 684 4385 Plural
710 4348 732 4384 s.

147 4402 174 4463 1,
196 4404 233 4451 54
251 4419 288 4454 6ιι
305 4401 394 4472 ripas.
416 4435 450 4444 -
475 4418 599 4474 opere:
626 4401 734 4469 Knnst3

784 3627 827 3690 24,
843 3627 858 3676 5
874 3640 908 3675 66
921 3623 1062 3693 phalange
1075 3623 1160 3678 facta.
1171 3655 1204 3663 —
1219 3640 1347 3694 aggere

783 3723 816 3731 —
837 3693 974 3749 adiecto
994 3719 1028 3740 =
1053 3710 1157 3764 aggere
1179 3694 1267 3763 iacto,
1286 3712 1347 3752 ver·

784 3763 894 3832 gleiehe
930 3772 959 3833 2,
995 3771 1027 3819 12
1060 3784 1094 3819 66
1126 3782 1230 3836 aggere
1261 3766 1346 3823 iacto.

784 3834 822 3888 Es
854 3837 992 3905 geschah,
1025 3854 1073 3890 um
1105 3837 1176 3890 fiber
1203 3837 1249 3892 die
1277 3836 1346 3893 Ver·

784 3905 857 3961 haue
890 3906 1081 3976 (munitiones)
1114 3907 1255 3962 sehiessen
1288 3910 1347 3964 und

784 3977 893 4048 steigen
927 3995 960 4031 6ιι
992 3977 1113 4034 irtnnen.
1150 4009 1184 4019 —
1221 3980 1345 4050 paucis

784 4048 958 4117 acceptis:
996 4049 1071 4105 siehe
1109 4056 1137 4118 4,
1175 4057 1223 4119 67,
1256 4057 1272 4105 3
1312 4071 1348 4106 66

786 4117 883 4189 diesen
912 4120 1037 4177 Worten.
1071 4152 1104 4160 -
1136 4127 1161 4175 8.
1195 4137 1251 4176 eos
1283 4122 1347 4177 sind

787 4187 832 4270 die
866 4190 999 4246 Soldaten
1036 4192 1085 4274 der
1117 4191 1263 4275 siebenten
1294 4193 1347 4248 Le-

786 4276 946 4386 aen:
959 4262 1282 4402 tueatrart
1296 4264 1347 4390 u

786 4401 968 4474 Redeutung:
983 4404 1136 4472 reriolgen.
