2804 4778
482 198 836 288 mmm&

1178 226 1246 292 205

73 404 202 482 uitione,
224 410 331 480 patruo
355 420 423 482 suo,
446 401 629 480 reliquisque
653 400 852 482 principibus,
874 401 927 478 qui
949 399 1025 460 hanc
1048 398 1249 477 temptandam

73 491 224 552 fortumam
258 509 318 550 non
350 490 571 570 existimabant,
602 489 760 569 expellitur
793 508 828 548 ex
861 490 969 568 oppido
999 487 1156 567 Gergovia,
1188 498 1284 546 nona

74 579 190 640 destitit
212 586 311 639 tamen
335 587 423 657 atque
447 581 478 638 in
501 579 581 658 agris
603 577 692 638 habet
715 577 863 638 delectum
888 579 1038 656 egentium
1061 594 1096 636 ac
1119 575 1249 654 perdito·

74 686 152 728 rum.
197 667 258 727 Hac
288 675 390 728 coacta
420 677 522 748 manu,
552 685 756 746 quoscumque
787 665 848 727 adit
876 685 912 726 ex
942 667 1074 744 civitate,
1096 663 1133 723 ad
1166 681 1249 723 suam

75 758 254 817 sententiam
276 755 427 836 perducit3
454 756 607 836 bortatur,
635 763 668 816 nt
697 756 862 816 communis
889 753 1035 814 libertatis
1058 770 1146 813 cansa
1170 769 1249 812 arma
1269 764 1286 810 4

76 847 206 925 capiant,
230 846 402 923 magnisque
426 847 537 905 coactis
560 845 653 924 copiis
676 844 860 904 adversarios
884 861 967 923 suos,
991 861 1007 901 a
1030 840 1140 920 quibus
1162 839 1250 920 paulo

76 942 144 994 ante
173 941 237 993 erat
266 935 396 1013 eiectus,
426 933 546 1012 expellit
577 951 613 992 ex
646 935 772 993 civitate.
817 931 880 991 Rex
913 930 949 990 ab
983 933 1045 991 suis
1077 929 1249 1008 appellatur.

76 1021 205 1082 Dimittit
235 1039 460 1100 quoqueversus
488 1021 664 1100 legationes:
692 1020 872 1100 obtestatur,
900 1029 934 1081 ut
961 1021 992 1079 in
1019 1018 1076 1078 tide
1105 1026 1285 1078 maneant.5

76 1109 222 1170 Celeriter
258 1109 315 1170 sibi
352 1109 500 1191 Senones,
536 1109 680 1190 Parisios,
717 1109 870 1189 PictoneS,
903 1107 1067 1187 Gadarene,
1104 1105 1285 1186 Turonos,6

73 1198 233 1279 Aulercos,
263 1197 447 1279 Lemovices,
474 1198 574 1258 Andos
597 1197 788 1276 reliquosque
811 1215 928 1277 omnes,
960 1198 1011 1274 qui
1034 1194 1185 1256 Oceanum
1209 1204 1250 1254 at-

74 1289 207 1368 tingunt,
234 1287 382 1366 adiungit:
411 1289 543 1347 omnium
571 1304 720 1347 consensu
747 1286 783 1345 ad
816 1304 884 1346 eum
917 1285 1052 1345 delertnr
1083 1285 1251 1362 imperium.

75 1375 141 1446 Qua
166 1374 262 1435 oblata
284 1383 431 1454 potestate
455 1374 594 1435 omnibus
617 1375 664 1435 bis
687 1373 856 1435 civitatibus
879 1372 998 1433 obsides
1021 1375 1164 1451 imperat,
1186 1390 1250 1432 cer·
1272 1381 1287 1431 t

76 1475 141 1524 tum
175 1481 334 1524 numerum
369 1463 495 1524 militum
530 1463 565 1523 ad
599 1482 631 1523 se
667 1463 805 1523 celeriter
832 1462 938 1522 adduci
972 1460 1069 1540 iubet,
1101 1472 1286 1521 armorum8

79 1560 221 1630 quantum
247 1570 382 1630 quaeque
406 1554 508 1612 civitas
532 1552 611 1612 dorni
635 1551 774 1631 quodque
798 1559 866 1611 ante
890 1559 1008 1628 tempus
1033 1549 1154 1630 efficiat,
1182 1567 1250 1609 con·
1277 1572 1288 1591 ν

75 1642 187 1720 stituit3
219 1642 365 1721 imprimis
398 1643 543 1719 equitatui
575 1641 683 1701 studet.
732 1640 870 1700 Summae
904 1638 1073 1718 diligentiae
1106 1650 1286 1698 summama

75 1731 194 1808 imperii
222 1732 409 1790 severitatem
437 1728 533 1809 addit;
566 1729 767 1808 magnitudine
796 1728 934 1807 supplicii
962 1727 1132 1788 dubitantes
1163 1727 1250 1804 cogit.

75 1817 149 1877 Nam
174 1820 283 1877 maiore
308 1819 466 1878 commisso
490 1817 598 1878 delicto
621 1820 684 1897 igni
707 1827 795 1894 atque
819 1815 957 1877 omnibus
981 1817 1138 1875 tormentis
1157 1821 1252 1894 necat,
1272 1825 1305 1873 10

74 1905 185 1966 leviore
209 1906 245 1966 de
265 1923 354 1967 causa
374 1905 495 1966 auribus
515 1905 643 1966 desectis
662 1915 713 1965 ant
731 1904 854 1982 singulis
873 1905 989 1964 effossis
1013 1903 1108 1963 oculis
1132 1902 1253 1963 domum

80 1996 219 2069 remittit,
247 2003 282 2054 ut
309 1996 370 2055 sint
398 1993 523 2072 reliquis
553 1992 734 2053 documento
763 2000 793 2052 et
820 1990 1022 2070 magnitudine
1045 2008 1158 2070 poenae
1187 2007 1253 2068 per-

79 2091 212 2143 terreant
234 2082 315 2142 alios.

168 2168 197 2232 5.
230 2170 283 2230 His
311 2169 466 2249 suppliciis
494 2167 634 2230 celeriter
662 2176 765 2229 coacto
789 2168 923 2228 exercitu
946 2166 1119 2227 Lucterium
1143 2163 1252 2226 Cadur·

78 2276 161 2338 cum,
185 2275 316 2318 summae
340 2258 491 2317 hominem
515 2257 665 2338 audaciae,
691 2265 866 2337 camparte
890 2257 1042 2335 copiarum
1065 2257 1096 2314 in
1120 2255 1254 2315 Rutenos

77 2349 181 2426 mittit3
209 2348 272 2425 ipse
301 2348 331 2406 in
355 2345 504 2425 Bituriges
531 2347 739 2426 proficiscitur.
785 2344 857 2405 llius
885 2343 1012 2405 adventu
1041 2343 1190 2422 Bituriges
1218 2341 1289 2402 adt

77 2434 209 2515 Aeduos,
232 2452 361 2512 quorum
386 2442 471 2495 erant
493 2437 524 2494 in
547 2435 613 2515 lide,
637 2434 749 2513 legatos
773 2436 896 2495 mittunt
919 2433 1086 2494 subsidium
1110 2439 1254 2511 rogatum,

78 2540 137 2602 quo
166 2522 281 2584 facilius
308 2523 439 2584 hostium
470 2526 569 2602 copias
598 2525 746 2584 sustinere
773 2524 897 2602 possint.
942 2520 1038 2582 Aedui
1065 2521 1102 2581 de
1130 2519 1289 2581 consilioa

77 2612 255 2693 legatorum,
286 2630 362 2690 quos
386 2611 493 2672 Caesar
523 2613 558 2672 ad
590 2614 755 2672 exercitum
777 2611 953 2691 reliquerat,
981 2612 1081 2689 copias
1105 2611 1277 2687 equitatus¹

77 2700 288 2780 peditatusque
316 2697 450 2761 subsidio
482 2700 666 2780 Biturigibus
700 2702 830 2760 mittunt.
887 2698 945 2770 eri
977 2716 1046 2759 cum
1075 2697 1111 2757 ad
1143 2696 1290 2755 flument

79 2787 208 2868 Ligerim
236 2791 403 2869 venissent,
431 2789 510 2868 quod
533 2788 682 2867 Bituriges
711 2787 746 2847 ab
770 2787 880 2847 Aeduis
907 2786 1025 2867 dividit,
1052 2801 1163 2866 paucos
1191 2782 1254 2842 dies

77 2876 120 2936 ibi
143 2879 250 2936 morati
277 2894 374 2955 neque
398 2876 509 2938 llumen
533 2878 660 2938 transire
685 2878 749 2936 ausi
777 2875 898 2935 domurn
920 2882 1113 2936 revertuntur
1135 2872 1252 2951 legatis·
1273 2884 1289 2931 5

78 3045 126 3101 die
140 3044 302 3100 Praesentia
315 3045 455 3100 historica.
476 3076 509 3085 -
528 3051 554 3098 3.
572 3062 638 3099 non
692 3047 806 3112 necat,
825 3077 858 3085 —
878 3044 1045 3099 remittit:
1064 3062 1097 3097 nn
1116 3046 1199 3097 necat
1216 3041 1255 3097 ist

78 3116 221 3171 destitit
233 3119 349 3170 tamen
363 3115 637 3184 atque-habet:
692 3115 742 3169 das
762 3113 823 3183 Obj.
843 3132 892 3170 aus
909 3114 1015 3170 maiora
1033 3114 1182 3168 commisso
1201 3114 1249 3170 de·

78 3189 149 3242 iiber
166 3187 220 3241 den
238 3186 369 3242 Wechsel
390 3187 441 3241 der
459 3188 599 3255 Tempora
617 3203 638 3240 s.
694 3184 762 3240 licto
781 3187 838 3239 und
857 3204 891 3239 zu
914 3185 1034 3240 remittit
1051 3186 1102 3239 das
1122 3184 1182 3253 obj.
1202 3201 1255 3239 aus

78 3265 109 3327 4,
134 3261 168 3312 18
191 3277 224 3311 zu
246 3257 392 3327 respondit
414 3257 581 3326 obsidesque
605 3287 638 3296 -
694 3257 800 3311 lerime
828 3257 863 3310 de
891 3273 989 3325 causa,
1019 3256 1141 3310 welches
1168 3256 1256 3311 durch

78 3329 166 3384 iubet.
185 3327 408 3397 —egentium
428 3345 466 3383 ac
484 3327 639 3396 perdito·
696 3327 779 3382 einen
806 3343 914 3396 Quaen
942 3328 1007 3383 Sata
1034 3346 1068 3381 nu
1092 3327 1256 3382 iibersetzen

79 3417 164 3453 rum:
183 3399 264 3455 beide
278 3400 376 3454 Worte
396 3400 495 3454 stehen
512 3399 640 3454 substan-

78 3469 192 3526 tivisch.
212 3501 245 3510 -·
264 3488 376 3525 manu:
397 3471 509 3537 Schaar,
523 3469 641 3530 Haufen.

81 3570 115 3580 -
135 3557 366 3610 quoscumque
384 3540 461 3596 verb.
480 3540 534 3594 mit
552 3557 586 3595 ex
605 3539 643 3595 ci·

79 3612 179 3667 vitate.
204 3641 237 3651 -
266 3617 290 3665 5.
317 3627 594 3681 quoqueversus:
621 3627 642 3664 s.

80 3684 151 3737 iiber
175 3682 221 3735 die
246 3681 411 3751 Bedeutung
438 3688 475 3750 3,
491 3687 535 3738 28.
560 3711 593 3721 -
618 3687 642 3735 6.

82 3752 231 3808 omnium
249 3768 431 3806 consensu:
450 3769 471 3805 s.
487 3757 513 3820 n,
528 3757 554 3818 4,
570 3757 593 3806 7.
610 3781 642 3790 -

80 3830 106 3880 t.
140 3823 300 3877 omnibus
332 3822 385 3877 his
419 3822 643 3877 civitatibus:

80 3896 151 3950 iiber
174 3894 219 3948 die
243 3893 374 3962 Stellnng
396 3911 452 3949 von
475 3892 603 3947 omnibus
622 3910 642 3946 ι.

82 3971 113 4034 2,
133 3971 168 4020 34
187 3983 221 4019 an
241 3981 337 4020 omnes
357 3981 412 4019 eas.
434 3995 467 4004 —-
487 3968 512 4019 8.
537 3963 642 4033 quod·

83 4053 147 4104 que
166 4037 192 4090 d.
211 4036 228 4088 i.
249 4038 279 4089 et
296 4035 371 4105 quod
394 4036 473 4090 ante
495 4037 644 4104 ternpus:

81 4107 125 4162 bis
144 4108 178 4161 z‘u
197 4107 317 4161 welcher
336 4106 415 4161 Zeit?
434 4135 469 4146 —
488 4105 645 4160 efficiat:

83 4177 375 4247 zusammenbringen,
407 4177 497 4232 aufb'
539 4194 582 4232 en.
612 4207 645 4215 -

84 4250 214 4304 studet:
234 4267 254 4303 s.
275 4255 301 4317 2,
322 4256 365 4317 17,
383 4255 400 4302 4
418 4266 452 4302 an
471 4249 516 4302 atu
537 4249 591 4302 ent.
612 4278 645 4287 -

84 4325 109 4372 9.
133 4319 384 4390 magnitudine:
409 4320 504 4374 Iltirta.
529 4348 563 4359 -
587 4319 645 4372 du·

83 4389 240 4445 bitantes
268 4390 307 4446 ist
335 4390 507 4446 Substantia.
536 4420 571 4431 -
603 4394 645 4442 10.

696 3397 756 3452 sein
777 3398 861 3466 wird,
888 3416 922 3452 nu
944 3400 1071 3454 nahmen.
1096 3428 1130 3438 -
1153 3398 1256 3452 docu-

696 3472 822 3523 mento:
841 3487 904 3523 aum
923 3470 1090 3524 warnenden
1108 3468 1256 3539 Beispiele‚

698 3558 747 3592 zur
764 3539 918 3610 Warnnng.

733 3678 800 3749 Cap.
820 3686 846 3736 5.
873 3687 897 3735 1.
916 3683 1077 3737 adventu:
1097 3699 1118 3736 s.
1137 3687 1167 3749 2,
1187 3687 1212 3747 7,
1231 3687 1255 3733 2.

698 3782 731 3790 —
751 3757 777 3806 2.
801 3751 836 3804 in
858 3750 942 3807 fide:
973 3753 1084 3808 Schuta.
1105 3781 1136 3790 —
1163 3757 1188 3804 3.
1217 3750 1257 3804 ds

698 3821 858 3877 consilio:
887 3823 923 3877 de
947 3824 1034 3891 nach,
1061 3821 1185 3890 noiomo,
1210 3837 1258 3890 ge·

697 3897 787 3961 mtss,
806 3893 861 3948 aui
882 3925 915 3934 -
934 3894 976 3947 ad
995 3892 1197 3947 exercitum:
1221 3891 1257 3945 ad
1306 3896 1307 3903 ’

698 3963 728 4018 in
745 3964 816 4020 ders.
835 3964 1002 4032 Bedeutung
1019 3962 1073 4016 wie
1092 3968 1122 4030 6,
1140 3967 1174 4015 38
1193 3962 1257 4016 Anf.

699 4034 729 4088 in
747 4035 772 4088 d.
788 4036 833 4088 W.
853 4035 890 4088 ad
908 4034 1064 4089 Caesarem.
1087 4064 1119 4072 -
1139 4033 1258 4102 copias

700 4105 876 4174 equitatus
901 4103 1162 4173 peditatusque:
1189 4103 1259 4158 iiber

700 4175 808 4230 dilen.
825 4192 845 4228 s.
866 4181 890 4243 5,
909 4181 952 4229 47.
973 4204 1005 4214 -
1025 4179 1050 4230 4.
1070 4176 1111 4229 ad
1128 4174 1259 4229 flumen

700 4245 862 4314 Ligerim,
890 4244 993 4313 quod:
1023 4261 1044 4301 s.
1070 4252 1099 4312 6,
1123 4251 1157 4299 33
1180 4263 1214 4299 zu
1232 4246 1258 4302 d.

700 4316 746 4370 W.
765 4316 801 4369 ad
823 4316 927 4370 flumen
951 4315 1086 4371 Scaldem.
1112 4347 1145 4355 -
1171 4317 1260 4385 quod

702 4419 735 4426 -
755 4386 885 4442 dividit
902 4387 975 4442 itast
990 4387 1056 4440 sicb
1071 4388 1128 4455 gut
1136 4387 1270 4439 ssssm-
1304 4425 1314 4442 ,
