<?xml version="1.0" encoding="UTF-8"?>
<!DOCTYPE html PUBLIC "-//W3C//DTD XHTML 1.0 Transitional//EN"
    "http://www.w3.org/TR/xhtml1/DTD/xhtml1-transitional.dtd">
<html xmlns="http://www.w3.org/1999/xhtml" xml:lang="en" lang="en">
 <head>
  <title>
</title>
<meta http-equiv="Content-Type" content="text/html;charset=utf-8" />
  <meta name='ocr-system' content='tesseract 3.04.00' />
  <meta name='ocr-capabilities' content='ocr_page ocr_carea ocr_par ocr_line ocrx_word'/>
</head>
<body>
  <div class='ocr_page' id='page_1' title='image "./ciuliicaesarisc00dobegoog_0302.png"; bbox 0 0 2804 4778; ppageno 0'>
   <div class='ocr_carea' id='block_1_1' title="bbox 156 226 921 293">
    <p class='ocr_par' dir='ltr' id='par_1_1' title="bbox 156 226 921 293">
     <span class='ocr_line' id='line_1_1' title="bbox 156 226 921 293; baseline -0.013 0"><span class='ocrx_word' id='word_1_1' title='bbox 156 228 224 293; x_wconf 79' lang='grc'>280</span> <span class='ocrx_word' id='word_1_2' title='bbox 557 226 606 282; x_wconf 85' lang='lat' dir='ltr'>DE</span> <span class='ocrx_word' id='word_1_3' title='bbox 625 226 744 282; x_wconf 82' lang='lat' dir='ltr'>BELLO</span> <span class='ocrx_word' id='word_1_4' title='bbox 763 226 921 283; x_wconf 81' lang='lat' dir='ltr'>GALLIOO</span> 
     </span>
    </p>
   </div>
   <div class='ocr_carea' id='block_1_2' title="bbox 158 392 1346 654">
    <p class='ocr_par' dir='ltr' id='par_1_2' title="bbox 158 392 1346 654">
     <span class='ocr_line' id='line_1_2' title="bbox 159 392 1346 477; baseline -0.001 -20"><span class='ocrx_word' id='word_1_5' title='bbox 159 396 196 457; x_wconf 92' lang='lat' dir='ltr'>ad</span> <span class='ocrx_word' id='word_1_6' title='bbox 220 415 251 457; x_wconf 89' lang='lat' dir='ltr'>se</span> <span class='ocrx_word' id='word_1_7' title='bbox 271 405 386 475; x_wconf 85' lang='lat' dir='ltr'>evocat3</span> <span class='ocrx_word' id='word_1_8' title='bbox 410 394 555 475; x_wconf 84' lang='lat' dir='ltr'>legionem</span> <span class='ocrx_word' id='word_1_9' title='bbox 575 401 675 455; x_wconf 91' lang='lat' dir='ltr'>autem</span> <span class='ocrx_word' id='word_1_10' title='bbox 693 392 762 474; x_wconf 86' lang='lat' dir='ltr'>XV,</span> <span class='ocrx_word' id='word_1_11' title='bbox 784 412 859 472; x_wconf 85' lang='lat' dir='ltr'>quae</span> <span class='ocrx_word' id='word_1_12' title='bbox 879 412 947 455; x_wconf 89' lang='lat' dir='ltr'>curn</span> <span class='ocrx_word' id='word_1_13' title='bbox 967 412 1002 454; x_wconf 99' lang='lat' dir='ltr'>eo</span> <span class='ocrx_word' id='word_1_14' title='bbox 1021 395 1119 456; x_wconf 90' lang='lat' dir='ltr'>luerat</span> <span class='ocrx_word' id='word_1_15' title='bbox 1137 396 1169 455; x_wconf 90' lang='lat' dir='ltr'>in</span> <span class='ocrx_word' id='word_1_16' title='bbox 1188 393 1346 477; x_wconf 89' lang='lat' dir='ltr'>hibernis,</span> 
     </span>
     <span class='ocr_line' id='line_1_3' title="bbox 158 481 1344 566; baseline 0 -21"><span class='ocrx_word' id='word_1_17' title='bbox 158 488 189 545; x_wconf 90' lang='lat' dir='ltr'>in</span> <span class='ocrx_word' id='word_1_18' title='bbox 213 493 341 564; x_wconf 90' lang='lat' dir='ltr'>togatam</span> <span class='ocrx_word' id='word_1_19' title='bbox 364 483 486 544; x_wconf 84' lang='lat' dir='ltr'>Galliam</span> <span class='ocrx_word' id='word_1_20' title='bbox 510 485 600 544; x_wconf 89' lang='lat' dir='ltr'>mittit</span> <span class='ocrx_word' id='word_1_21' title='bbox 623 482 658 542; x_wconf 94' lang='lat' dir='ltr'>ad</span> <span class='ocrx_word' id='word_1_22' title='bbox 683 481 813 542; x_wconf 90' lang='lat' dir='ltr'>colonias</span> <span class='ocrx_word' id='word_1_23' title='bbox 836 484 945 543; x_wconf 89' lang='lat' dir='ltr'>civium</span> <span class='ocrx_word' id='word_1_24' title='bbox 967 482 1169 544; x_wconf 86' lang='lat' dir='ltr'>Romanorum</span> <span class='ocrx_word' id='word_1_25' title='bbox 1197 483 1344 566; x_wconf 88' lang='lat' dir='ltr'>tuendas,</span> 
     </span>
     <span class='ocr_line' id='line_1_4' title="bbox 158 569 1343 654; baseline -0.001 -20"><span class='ocrx_word' id='word_1_26' title='bbox 158 592 196 634; x_wconf 89' lang='lat' dir='ltr'>ne</span> <span class='ocrx_word' id='word_1_27' title='bbox 221 574 299 652; x_wconf 87' lang='lat' dir='ltr'>quod</span> <span class='ocrx_word' id='word_1_28' title='bbox 324 571 418 633; x_wconf 90' lang='lat' dir='ltr'>simile</span> <span class='ocrx_word' id='word_1_29' title='bbox 441 571 662 632; x_wconf 90' lang='lat' dir='ltr'>incommodum</span> <span class='ocrx_word' id='word_1_30' title='bbox 684 569 833 631; x_wconf 88' lang='lat' dir='ltr'>accideret</span> <span class='ocrx_word' id='word_1_31' title='bbox 855 570 1032 632; x_wconf 81' lang='lat' dir='ltr'><strong>decursione</strong></span> <span class='ocrx_word' id='word_1_32' title='bbox 1062 571 1277 654; x_wconf 91' lang='lat' dir='ltr'>barbarorum,</span> <span class='ocrx_word' id='word_1_33' title='bbox 1306 591 1343 634; x_wconf 91' lang='lat' dir='ltr'>ac</span> 
     </span>
    </p>
   </div>
   <div class='ocr_carea' id='block_1_3' title="bbox 54 653 1343 3308">
    <p class='ocr_par' dir='ltr' id='par_1_3' title="bbox 160 653 1343 741">
     <span class='ocr_line' id='line_1_5' title="bbox 160 653 1343 741; baseline -0.003 -18"><span class='ocrx_word' id='word_1_34' title='bbox 160 664 315 741; x_wconf 79' lang='lat' dir='ltr'>superiore</span> <span class='ocrx_word' id='word_1_35' title='bbox 348 667 459 721; x_wconf 75' lang='lat' dir='ltr'>aestate</span> <span class='ocrx_word' id='word_1_36' title='bbox 492 653 680 738; x_wconf 83' lang='lat' dir='ltr'>Tergestinis</span> <span class='ocrx_word' id='word_1_37' title='bbox 711 659 871 740; x_wconf 89' lang='lat' dir='ltr'>acciderat,</span> <span class='ocrx_word' id='word_1_38' title='bbox 903 661 955 738; x_wconf 86' lang='lat' dir='ltr'>qul</span> <span class='ocrx_word' id='word_1_39' title='bbox 987 662 1144 739; x_wconf 86' lang='lat' dir='ltr'>repentino</span> <span class='ocrx_word' id='word_1_40' title='bbox 1176 659 1343 722; x_wconf 89' lang='lat' dir='ltr'>latrocinio</span> 
     </span>
    </p>

    <p class='ocr_par' dir='ltr' id='par_1_4' title="bbox 54 730 1343 1341">
     <span class='ocr_line' id='line_1_6' title="bbox 54 730 1340 829; baseline 0.002 -21"><span class='ocrx_word' id='word_1_41' title='bbox 54 730 67 757; x_wconf 59' lang='lat'>⁸</span> <span class='ocrx_word' id='word_1_42' title='bbox 121 759 247 829; x_wconf 76' lang='lat' dir='ltr'>eatque</span> <span class='ocrx_word' id='word_1_43' title='bbox 276 753 388 828; x_wconf 90' lang='lat' dir='ltr'>impetu</span> <span class='ocrx_word' id='word_1_44' title='bbox 416 748 536 809; x_wconf 90' lang='lat' dir='ltr'>illorum</span> <span class='ocrx_word' id='word_1_45' title='bbox 564 755 650 808; x_wconf 89' lang='lat' dir='ltr'>erant</span> <span class='ocrx_word' id='word_1_46' title='bbox 676 751 821 826; x_wconf 85' lang='lat' dir='ltr'>oppressi.</span> <span class='ocrx_word' id='word_1_47' title='bbox 866 747 933 827; x_wconf 88' lang='lat' dir='ltr'>lpse</span> <span class='ocrx_word' id='word_1_48' title='bbox 957 748 992 808; x_wconf 93' lang='lat' dir='ltr'>ad</span> <span class='ocrx_word' id='word_1_49' title='bbox 1021 746 1178 810; x_wconf 87' lang='lat' dir='ltr'>vastandos</span> <span class='ocrx_word' id='word_1_50' title='bbox 1202 748 1340 828; x_wconf 89' lang='lat' dir='ltr'>depopu-</span> 
     </span>
     <span class='ocr_line' id='line_1_7' title="bbox 159 836 1339 917; baseline -0.001 -18"><span class='ocrx_word' id='word_1_51' title='bbox 159 839 321 917; x_wconf 91' lang='lat' dir='ltr'>landosque</span> <span class='ocrx_word' id='word_1_52' title='bbox 349 838 424 898; x_wconf 85' lang='lat' dir='ltr'>fines</span> <span class='ocrx_word' id='word_1_53' title='bbox 447 836 625 916; x_wconf 81' lang='lat' dir='ltr'>Ambiorigis</span> <span class='ocrx_word' id='word_1_54' title='bbox 653 837 866 915; x_wconf 84' lang='lat' dir='ltr'>proficiscitur,</span> <span class='ocrx_word' id='word_1_55' title='bbox 895 854 983 915; x_wconf 89' lang='lat' dir='ltr'>quem</span> <span class='ocrx_word' id='word_1_56' title='bbox 1011 838 1208 916; x_wconf 88' lang='lat' dir='ltr'>perterritum</span> <span class='ocrx_word' id='word_1_57' title='bbox 1232 855 1267 898; x_wconf 91' lang='lat' dir='ltr'>ac</span> <span class='ocrx_word' id='word_1_58' title='bbox 1292 838 1339 898; x_wconf 88' lang='lat' dir='ltr'>lu·</span> 
     </span>
     <span class='ocr_line' id='line_1_8' title="bbox 158 925 1341 1007; baseline -0.001 -20"><span class='ocrx_word' id='word_1_59' title='bbox 158 930 287 1007; x_wconf 90' lang='lat' dir='ltr'>gientem</span> <span class='ocrx_word' id='word_1_60' title='bbox 311 944 379 988; x_wconf 90' lang='lat' dir='ltr'>cum</span> <span class='ocrx_word' id='word_1_61' title='bbox 403 926 498 1004; x_wconf 88' lang='lat' dir='ltr'>redigi</span> <span class='ocrx_word' id='word_1_62' title='bbox 520 942 607 1004; x_wconf 89' lang='lat' dir='ltr'>posse</span> <span class='ocrx_word' id='word_1_63' title='bbox 630 927 662 984; x_wconf 91' lang='lat' dir='ltr'>in</span> <span class='ocrx_word' id='word_1_64' title='bbox 693 942 775 985; x_wconf 92' lang='lat' dir='ltr'>suam</span> <span class='ocrx_word' id='word_1_65' title='bbox 803 932 981 1004; x_wconf 89' lang='lat' dir='ltr'>potestatem</span> <span class='ocrx_word' id='word_1_66' title='bbox 1009 925 1210 1006; x_wconf 80' lang='lat' dir='ltr'>desperasset,</span> <span class='ocrx_word' id='word_1_67' title='bbox 1238 928 1341 1005; x_wconf 82' lang='lat' dir='ltr'>proxi·</span> 
     </span>
     <span class='ocr_line' id='line_1_9' title="bbox 158 1012 1343 1096; baseline -0.002 -20"><span class='ocrx_word' id='word_1_68' title='bbox 158 1034 239 1077; x_wconf 90' lang='lat' dir='ltr'>mum</span> <span class='ocrx_word' id='word_1_69' title='bbox 263 1033 334 1076; x_wconf 90' lang='lat' dir='ltr'>suae</span> <span class='ocrx_word' id='word_1_70' title='bbox 358 1015 509 1094; x_wconf 87' lang='lat' dir='ltr'>dignitatis</span> <span class='ocrx_word' id='word_1_71' title='bbox 532 1031 598 1074; x_wconf 89' lang='lat' dir='ltr'>csse</span> <span class='ocrx_word' id='word_1_72' title='bbox 622 1012 761 1094; x_wconf 90' lang='lat' dir='ltr'>ducebat,</span> <span class='ocrx_word' id='word_1_73' title='bbox 784 1013 857 1074; x_wconf 90' lang='lat' dir='ltr'>adeo</span> <span class='ocrx_word' id='word_1_74' title='bbox 880 1014 955 1073; x_wconf 86' lang='lat' dir='ltr'>lines</span> <span class='ocrx_word' id='word_1_75' title='bbox 977 1016 1042 1074; x_wconf 90' lang='lat' dir='ltr'>eius</span> <span class='ocrx_word' id='word_1_76' title='bbox 1065 1021 1181 1074; x_wconf 88' lang='lat' dir='ltr'>vastare</span> <span class='ocrx_word' id='word_1_77' title='bbox 1212 1013 1343 1096; x_wconf 85' lang='lat' dir='ltr'>civibus,</span> 
     </span>
     <span class='ocr_line' id='line_1_10' title="bbox 158 1101 1338 1186; baseline -0.002 -21"><span class='ocrx_word' id='word_1_78' title='bbox 158 1104 312 1186; x_wconf 86' lang='lat' dir='ltr'>aediliciis,</span> <span class='ocrx_word' id='word_1_79' title='bbox 335 1121 458 1184; x_wconf 90' lang='lat' dir='ltr'>pecore,</span> <span class='ocrx_word' id='word_1_80' title='bbox 480 1111 515 1164; x_wconf 92' lang='lat' dir='ltr'>ut</span> <span class='ocrx_word' id='word_1_81' title='bbox 538 1103 605 1163; x_wconf 91' lang='lat' dir='ltr'>odio</span> <span class='ocrx_word' id='word_1_82' title='bbox 629 1119 753 1162; x_wconf 88' lang='lat' dir='ltr'>suorum</span> <span class='ocrx_word' id='word_1_83' title='bbox 775 1101 940 1181; x_wconf 78' lang='lat' dir='ltr'>Ambiorix,</span> <span class='ocrx_word' id='word_1_84' title='bbox 967 1103 992 1161; x_wconf 90' lang='lat' dir='ltr'>si</span> <span class='ocrx_word' id='word_1_85' title='bbox 1016 1119 1091 1181; x_wconf 89' lang='lat' dir='ltr'>quos</span> <span class='ocrx_word' id='word_1_86' title='bbox 1119 1102 1241 1162; x_wconf 78' lang='lat' dir='ltr'>fortuna</span> <span class='ocrx_word' id='word_1_87' title='bbox 1265 1101 1338 1163; x_wconf 89' lang='lat' dir='ltr'>reli·</span> 
     </span>
     <span class='ocr_line' id='line_1_11' title="bbox 159 1189 1340 1272; baseline -0.001 -19"><span class='ocrx_word' id='word_1_88' title='bbox 159 1210 234 1271; x_wconf 92' lang='lat' dir='ltr'>quos</span> <span class='ocrx_word' id='word_1_89' title='bbox 262 1193 396 1272; x_wconf 88' lang='lat' dir='ltr'>lecisset,</span> <span class='ocrx_word' id='word_1_90' title='bbox 424 1190 539 1252; x_wconf 89' lang='lat' dir='ltr'>nullum</span> <span class='ocrx_word' id='word_1_91' title='bbox 570 1191 700 1252; x_wconf 91' lang='lat' dir='ltr'>reditum</span> <span class='ocrx_word' id='word_1_92' title='bbox 727 1198 851 1270; x_wconf 89' lang='lat' dir='ltr'>propter</span> <span class='ocrx_word' id='word_1_93' title='bbox 877 1197 974 1253; x_wconf 90' lang='lat' dir='ltr'>tantas</span> <span class='ocrx_word' id='word_1_94' title='bbox 1003 1190 1183 1251; x_wconf 78' lang='lat' dir='ltr'>calamitates</span> <span class='ocrx_word' id='word_1_95' title='bbox 1211 1189 1340 1252; x_wconf 87' lang='lat' dir='ltr'>haberet</span> 
     </span>
     <span class='ocr_line' id='line_1_12' title="bbox 157 1282 369 1341; baseline -0.009 0"><span class='ocrx_word' id='word_1_96' title='bbox 157 1284 190 1341; x_wconf 94' lang='lat' dir='ltr'>in</span> <span class='ocrx_word' id='word_1_97' title='bbox 213 1282 369 1341; x_wconf 86' lang='lat' dir='ltr'>civitatem.</span> 
     </span>
    </p>

    <p class='ocr_par' dir='ltr' id='par_1_5' title="bbox 159 1363 1340 1625">
     <span class='ocr_line' id='line_1_13' title="bbox 248 1363 1340 1447; baseline 0.001 -18"><span class='ocrx_word' id='word_1_98' title='bbox 248 1363 300 1429; x_wconf 79' lang='lat'>25.</span> <span class='ocrx_word' id='word_1_99' title='bbox 328 1367 403 1429; x_wconf 88' lang='lat' dir='ltr'>Cum</span> <span class='ocrx_word' id='word_1_100' title='bbox 425 1370 457 1428; x_wconf 91' lang='lat' dir='ltr'>in</span> <span class='ocrx_word' id='word_1_101' title='bbox 480 1386 584 1428; x_wconf 89' lang='lat' dir='ltr'>omues</span> <span class='ocrx_word' id='word_1_102' title='bbox 605 1376 706 1447; x_wconf 91' lang='lat' dir='ltr'>partes</span> <span class='ocrx_word' id='word_1_103' title='bbox 728 1368 832 1428; x_wconf 84' lang='lat' dir='ltr'>linium</span> <span class='ocrx_word' id='word_1_104' title='bbox 850 1367 1029 1447; x_wconf 81' lang='lat' dir='ltr'>Ambiorigis</span> <span class='ocrx_word' id='word_1_105' title='bbox 1052 1375 1103 1428; x_wconf 89' lang='lat' dir='ltr'>aut</span> <span class='ocrx_word' id='word_1_106' title='bbox 1126 1366 1261 1446; x_wconf 89' lang='lat' dir='ltr'>legiones</span> <span class='ocrx_word' id='word_1_107' title='bbox 1286 1375 1340 1429; x_wconf 86' lang='lat' dir='ltr'>aut</span> 
     </span>
     <span class='ocr_line' id='line_1_14' title="bbox 159 1454 1336 1538; baseline 0.001 -22"><span class='ocrx_word' id='word_1_108' title='bbox 159 1456 266 1517; x_wconf 84' lang='lat' dir='ltr'>auxilia</span> <span class='ocrx_word' id='word_1_109' title='bbox 294 1455 455 1517; x_wconf 88' lang='lat' dir='ltr'>dimisisset</span> <span class='ocrx_word' id='word_1_110' title='bbox 483 1464 571 1535; x_wconf 90' lang='lat' dir='ltr'>atque</span> <span class='ocrx_word' id='word_1_111' title='bbox 600 1458 698 1517; x_wconf 91' lang='lat' dir='ltr'>omnia</span> <span class='ocrx_word' id='word_1_112' title='bbox 726 1455 879 1538; x_wconf 87' lang='lat' dir='ltr'>caedibus,</span> <span class='ocrx_word' id='word_1_113' title='bbox 906 1454 1065 1530; x_wconf 89' lang='lat' dir='ltr'>incendiis,</span> <span class='ocrx_word' id='word_1_114' title='bbox 1088 1457 1201 1535; x_wconf 86' lang='lat' dir='ltr'>rapinis</span> <span class='ocrx_word' id='word_1_115' title='bbox 1225 1464 1336 1517; x_wconf 86' lang='lat' dir='ltr'>vastas-</span> 
     </span>
     <span class='ocr_line' id='line_1_15' title="bbox 160 1543 1337 1625; baseline 0.001 -20"><span class='ocrx_word' id='word_1_116' title='bbox 160 1554 220 1625; x_wconf 88' lang='lat' dir='ltr'>set,</span> <span class='ocrx_word' id='word_1_117' title='bbox 247 1562 353 1624; x_wconf 90' lang='lat' dir='ltr'>magno</span> <span class='ocrx_word' id='word_1_118' title='bbox 377 1563 503 1606; x_wconf 89' lang='lat' dir='ltr'>numero</span> <span class='ocrx_word' id='word_1_119' title='bbox 530 1545 684 1606; x_wconf 89' lang='lat' dir='ltr'>hominum</span> <span class='ocrx_word' id='word_1_120' title='bbox 711 1545 870 1606; x_wconf 87' lang='lat' dir='ltr'>interfecto</span> <span class='ocrx_word' id='word_1_121' title='bbox 894 1553 944 1605; x_wconf 90' lang='lat' dir='ltr'>aut</span> <span class='ocrx_word' id='word_1_122' title='bbox 968 1553 1054 1624; x_wconf 89' lang='lat' dir='ltr'>capto</span> <span class='ocrx_word' id='word_1_123' title='bbox 1077 1543 1243 1604; x_wconf 87' lang='lat' dir='ltr'>Labienum</span> <span class='ocrx_word' id='word_1_124' title='bbox 1267 1563 1337 1606; x_wconf 91' lang='lat' dir='ltr'>cum</span> 
     </span>
    </p>

    <p class='ocr_par' dir='ltr' id='par_1_6' title="bbox 123 1632 1340 1961">
     <span class='ocr_line' id='line_1_16' title="bbox 123 1632 1336 1713; baseline 0.001 -21"><span class='ocrx_word' id='word_1_125' title='bbox 123 1644 140 1692; x_wconf 83' lang='lat'>2</span> <span class='ocrx_word' id='word_1_126' title='bbox 159 1633 275 1695; x_wconf 91' lang='lat' dir='ltr'>duabus</span> <span class='ocrx_word' id='word_1_127' title='bbox 297 1633 464 1713; x_wconf 90' lang='lat' dir='ltr'>legionibus</span> <span class='ocrx_word' id='word_1_128' title='bbox 487 1636 518 1693; x_wconf 95' lang='lat' dir='ltr'>in</span> <span class='ocrx_word' id='word_1_129' title='bbox 541 1632 687 1694; x_wconf 87' lang='lat' dir='ltr'>Treveros</span> <span class='ocrx_word' id='word_1_130' title='bbox 711 1634 814 1713; x_wconf 92' lang='lat' dir='ltr'>mittit,</span> <span class='ocrx_word' id='word_1_131' title='bbox 838 1651 966 1712; x_wconf 90' lang='lat' dir='ltr'>quorum</span> <span class='ocrx_word' id='word_1_132' title='bbox 989 1635 1091 1693; x_wconf 84' lang='lat' dir='ltr'>civitas</span> <span class='ocrx_word' id='word_1_133' title='bbox 1114 1639 1240 1713; x_wconf 89' lang='lat' dir='ltr'>propter</span> <span class='ocrx_word' id='word_1_134' title='bbox 1263 1633 1336 1693; x_wconf 86' lang='lat' dir='ltr'>Ger-</span> 
     </span>
     <span class='ocr_line' id='line_1_17' title="bbox 159 1720 1337 1784; baseline -0.001 -1"><span class='ocrx_word' id='word_1_135' title='bbox 159 1724 273 1783; x_wconf 89' lang='lat' dir='ltr'>maniae</span> <span class='ocrx_word' id='word_1_136' title='bbox 296 1724 478 1784; x_wconf 84' lang='lat' dir='ltr'>vicinitatem</span> <span class='ocrx_word' id='word_1_137' title='bbox 502 1722 656 1782; x_wconf 79' lang='lat' dir='ltr'>cotidianis</span> <span class='ocrx_word' id='word_1_138' title='bbox 680 1724 840 1783; x_wconf 85' lang='lat' dir='ltr'>exercitata</span> <span class='ocrx_word' id='word_1_139' title='bbox 863 1720 947 1782; x_wconf 90' lang='lat' dir='ltr'>bellis</span> <span class='ocrx_word' id='word_1_140' title='bbox 971 1721 1055 1783; x_wconf 91' lang='lat' dir='ltr'>cultu</span> <span class='ocrx_word' id='word_1_141' title='bbox 1077 1730 1108 1782; x_wconf 88' lang='lat' dir='ltr'>et</span> <span class='ocrx_word' id='word_1_142' title='bbox 1131 1722 1251 1782; x_wconf 87' lang='lat' dir='ltr'>feritate</span> <span class='ocrx_word' id='word_1_143' title='bbox 1277 1739 1337 1782; x_wconf 88' lang='lat' dir='ltr'>nou</span> 
     </span>
     <span class='ocr_line' id='line_1_18' title="bbox 160 1809 1340 1890; baseline -0.001 -19"><span class='ocrx_word' id='word_1_144' title='bbox 160 1810 286 1872; x_wconf 91' lang='lat' dir='ltr'>multum</span> <span class='ocrx_word' id='word_1_145' title='bbox 310 1829 326 1870; x_wconf 94' lang='lat' dir='ltr'>a</span> <span class='ocrx_word' id='word_1_146' title='bbox 350 1809 505 1872; x_wconf 87' lang='lat' dir='ltr'>Germanis</span> <span class='ocrx_word' id='word_1_147' title='bbox 529 1809 684 1871; x_wconf 82' lang='lat' dir='ltr'>differebat</span> <span class='ocrx_word' id='word_1_148' title='bbox 706 1828 804 1890; x_wconf 89' lang='lat' dir='ltr'>neque</span> <span class='ocrx_word' id='word_1_149' title='bbox 828 1813 971 1890; x_wconf 90' lang='lat' dir='ltr'>imperata</span> <span class='ocrx_word' id='word_1_150' title='bbox 994 1828 1135 1889; x_wconf 85' lang='lat' dir='ltr'>umquam</span> <span class='ocrx_word' id='word_1_151' title='bbox 1163 1811 1223 1870; x_wconf 90' lang='lat' dir='ltr'>nisi</span> <span class='ocrx_word' id='word_1_152' title='bbox 1254 1827 1340 1871; x_wconf 86' lang='lat' dir='ltr'>exer·</span> 
     </span>
     <span class='ocr_line' id='line_1_19' title="bbox 160 1899 1293 1961; baseline -0.004 0"><span class='ocrx_word' id='word_1_153' title='bbox 160 1902 221 1961; x_wconf 91' lang='lat' dir='ltr'>citu</span> <span class='ocrx_word' id='word_1_154' title='bbox 246 1908 347 1960; x_wconf 89' lang='lat' dir='ltr'>coacta</span> <span class='ocrx_word' id='word_1_155' title='bbox 370 1899 505 1960; x_wconf 87' lang='lat' dir='ltr'>faciebat.</span> <span class='ocrx_word' id='word_1_156' title='bbox 1289 1914 1293 1920; x_wconf 89' lang='lat'><em>·</em></span> 
     </span>
    </p>

    <p class='ocr_par' dir='ltr' id='par_1_7' title="bbox 144 1985 1343 2335">
     <span class='ocr_line' id='line_1_20' title="bbox 249 1985 1341 2069; baseline -0.002 -21"><span class='ocrx_word' id='word_1_157' title='bbox 249 1985 301 2050; x_wconf 78' lang='lat'>26.</span> <span class='ocrx_word' id='word_1_158' title='bbox 334 1988 457 2049; x_wconf 88' lang='lat' dir='ltr'>Interim</span> <span class='ocrx_word' id='word_1_159' title='bbox 481 1987 570 2049; x_wconf 89' lang='lat' dir='ltr'>Gaius</span> <span class='ocrx_word' id='word_1_160' title='bbox 595 1985 735 2048; x_wconf 85' lang='lat' dir='ltr'>Caninius</span> <span class='ocrx_word' id='word_1_161' title='bbox 762 1986 891 2069; x_wconf 90' lang='lat' dir='ltr'>legatus,</span> <span class='ocrx_word' id='word_1_162' title='bbox 920 2006 988 2049; x_wconf 88' lang='lat' dir='ltr'>eum</span> <span class='ocrx_word' id='word_1_163' title='bbox 1013 2005 1148 2067; x_wconf 88' lang='lat' dir='ltr'>maguam</span> <span class='ocrx_word' id='word_1_164' title='bbox 1171 1986 1341 2048; x_wconf 87' lang='lat' dir='ltr'>multitudi-</span> 
     </span>
     <span class='ocr_line' id='line_1_21' title="bbox 158 2075 1343 2154; baseline 0.001 -18"><span class='ocrx_word' id='word_1_165' title='bbox 158 2095 228 2137; x_wconf 88' lang='lat' dir='ltr'>nem</span> <span class='ocrx_word' id='word_1_166' title='bbox 251 2079 425 2137; x_wconf 83' lang='lat' dir='ltr'>convenisse</span> <span class='ocrx_word' id='word_1_167' title='bbox 448 2077 578 2138; x_wconf 90' lang='lat' dir='ltr'>hostium</span> <span class='ocrx_word' id='word_1_168' title='bbox 608 2077 640 2136; x_wconf 90' lang='lat' dir='ltr'>in</span> <span class='ocrx_word' id='word_1_169' title='bbox 667 2077 741 2137; x_wconf 84' lang='lat' dir='ltr'>lines</span> <span class='ocrx_word' id='word_1_170' title='bbox 764 2075 922 2137; x_wconf 83' lang='lat' dir='ltr'>Pictonum</span> <span class='ocrx_word' id='word_1_171' title='bbox 949 2076 1058 2137; x_wconf 89' lang='lat' dir='ltr'>litteris</span> <span class='ocrx_word' id='word_1_172' title='bbox 1081 2077 1255 2154; x_wconf 89' lang='lat' dir='ltr'>nuntilsquc</span> <span class='ocrx_word' id='word_1_173' title='bbox 1280 2075 1343 2137; x_wconf 78' lang='lat' dir='ltr'>llu-</span> 
     </span>
     <span class='ocr_line' id='line_1_22' title="bbox 144 2164 1343 2246; baseline -0.002 -20"><span class='ocrx_word' id='word_1_174' title='bbox 144 2168 216 2233; x_wconf 86' lang='lat' dir='ltr'>¹rati</span> <span class='ocrx_word' id='word_1_175' title='bbox 247 2173 454 2246; x_wconf 89' lang='lat' dir='ltr'>cognosceret,</span> <span class='ocrx_word' id='word_1_176' title='bbox 485 2167 536 2245; x_wconf 91' lang='lat' dir='ltr'>qui</span> <span class='ocrx_word' id='word_1_177' title='bbox 566 2173 711 2244; x_wconf 91' lang='lat' dir='ltr'>perpetuo</span> <span class='ocrx_word' id='word_1_178' title='bbox 740 2167 771 2226; x_wconf 92' lang='lat' dir='ltr'>in</span> <span class='ocrx_word' id='word_1_179' title='bbox 802 2167 929 2226; x_wconf 91' lang='lat' dir='ltr'>amicitia</span> <span class='ocrx_word' id='word_1_180' title='bbox 953 2171 1101 2225; x_wconf 88' lang='lat' dir='ltr'>manserat</span> <span class='ocrx_word' id='word_1_181' title='bbox 1123 2164 1343 2245; x_wconf 86' lang='lat' dir='ltr'>Romanorum,</span> 
     </span>
     <span class='ocr_line' id='line_1_23' title="bbox 159 2251 1343 2335; baseline -0.003 -20"><span class='ocrx_word' id='word_1_182' title='bbox 159 2273 228 2315; x_wconf 90' lang='lat' dir='ltr'>cum</span> <span class='ocrx_word' id='word_1_183' title='bbox 251 2272 319 2332; x_wconf 93' lang='lat' dir='ltr'>pars</span> <span class='ocrx_word' id='word_1_184' title='bbox 343 2254 487 2333; x_wconf 89' lang='lat' dir='ltr'>quaedam</span> <span class='ocrx_word' id='word_1_185' title='bbox 510 2255 724 2315; x_wconf 82' lang='lat' dir='ltr'>civitatiseius</span> <span class='ocrx_word' id='word_1_186' title='bbox 746 2253 918 2335; x_wconf 88' lang='lat' dir='ltr'>deleclsset,</span> <span class='ocrx_word' id='word_1_187' title='bbox 940 2253 976 2313; x_wconf 93' lang='lat' dir='ltr'>ad</span> <span class='ocrx_word' id='word_1_188' title='bbox 1007 2253 1148 2332; x_wconf 91' lang='lat' dir='ltr'>oppidum</span> <span class='ocrx_word' id='word_1_189' title='bbox 1171 2251 1343 2314; x_wconf 88' lang='lat' dir='ltr'>Lemonum</span> 
     </span>
    </p>

    <p class='ocr_par' dir='ltr' id='par_1_8' title="bbox 124 2342 1343 2597">
     <span class='ocr_line' id='line_1_24' title="bbox 124 2342 1339 2421; baseline 0.002 -21"><span class='ocrx_word' id='word_1_190' title='bbox 124 2342 322 2402; x_wconf 78' lang='lat' dir='ltr'>acontendit.</span> <span class='ocrx_word' id='word_1_191' title='bbox 369 2342 434 2412; x_wconf 83' lang='lat' dir='ltr'>Quo</span> <span class='ocrx_word' id='word_1_192' title='bbox 463 2360 531 2401; x_wconf 89' lang='lat' dir='ltr'>cum</span> <span class='ocrx_word' id='word_1_193' title='bbox 559 2343 732 2402; x_wconf 88' lang='lat' dir='ltr'>adventaret</span> <span class='ocrx_word' id='word_1_194' title='bbox 759 2350 846 2420; x_wconf 89' lang='lat' dir='ltr'>atque</span> <span class='ocrx_word' id='word_1_195' title='bbox 871 2360 908 2402; x_wconf 81' lang='lat' dir='ltr'>ex</span> <span class='ocrx_word' id='word_1_196' title='bbox 931 2342 1054 2421; x_wconf 85' lang='lat' dir='ltr'>captivis</span> <span class='ocrx_word' id='word_1_197' title='bbox 1085 2343 1198 2402; x_wconf 87' lang='lat' dir='ltr'>certius</span> <span class='ocrx_word' id='word_1_198' title='bbox 1226 2359 1339 2421; x_wconf 87' lang='lat' dir='ltr'>cogno-</span> 
     </span>
     <span class='ocr_line' id='line_1_25' title="bbox 160 2428 1340 2510; baseline -0.001 -19"><span class='ocrx_word' id='word_1_199' title='bbox 160 2437 258 2491; x_wconf 90' lang='lat' dir='ltr'>sceret</span> <span class='ocrx_word' id='word_1_200' title='bbox 285 2429 386 2490; x_wconf 87' lang='lat' dir='ltr'>multis</span> <span class='ocrx_word' id='word_1_201' title='bbox 414 2430 567 2489; x_wconf 90' lang='lat' dir='ltr'>hominum</span> <span class='ocrx_word' id='word_1_202' title='bbox 597 2428 717 2490; x_wconf 90' lang='lat' dir='ltr'>milibus</span> <span class='ocrx_word' id='word_1_203' title='bbox 741 2448 757 2490; x_wconf 93' lang='lat' dir='ltr'>a</span> <span class='ocrx_word' id='word_1_204' title='bbox 780 2430 945 2510; x_wconf 83' lang='lat' dir='ltr'>Dumnaco,</span> <span class='ocrx_word' id='word_1_205' title='bbox 973 2430 1048 2490; x_wconf 89' lang='lat' dir='ltr'>duce</span> <span class='ocrx_word' id='word_1_206' title='bbox 1072 2430 1215 2510; x_wconf 92' lang='lat' dir='ltr'>Andium,</span> <span class='ocrx_word' id='word_1_207' title='bbox 1241 2430 1340 2490; x_wconf 81' lang='lat' dir='ltr'>llura·</span> 
     </span>
     <span class='ocr_line' id='line_1_26' title="bbox 162 2516 1343 2597; baseline 0 -19"><span class='ocrx_word' id='word_1_208' title='bbox 162 2520 237 2578; x_wconf 90' lang='lat' dir='ltr'>tium</span> <span class='ocrx_word' id='word_1_209' title='bbox 261 2517 394 2578; x_wconf 90' lang='lat' dir='ltr'>clausum</span> <span class='ocrx_word' id='word_1_210' title='bbox 417 2516 541 2578; x_wconf 89' lang='lat' dir='ltr'>Lemoni</span> <span class='ocrx_word' id='word_1_211' title='bbox 564 2520 729 2597; x_wconf 92' lang='lat' dir='ltr'>oppugnari</span> <span class='ocrx_word' id='word_1_212' title='bbox 757 2536 855 2597; x_wconf 88' lang='lat' dir='ltr'>neque</span> <span class='ocrx_word' id='word_1_213' title='bbox 882 2519 1015 2579; x_wconf 86' lang='lat' dir='ltr'>infirmas</span> <span class='ocrx_word' id='word_1_214' title='bbox 1042 2518 1175 2597; x_wconf 89' lang='lat' dir='ltr'>legiones</span> <span class='ocrx_word' id='word_1_215' title='bbox 1197 2517 1343 2579; x_wconf 89' lang='lat' dir='ltr'>hostibus</span> 
     </span>
    </p>

    <p class='ocr_par' dir='ltr' id='par_1_9' title="bbox 124 2606 1342 3110">
     <span class='ocr_line' id='line_1_27' title="bbox 124 2606 1341 2686; baseline -0.001 -19"><span class='ocrx_word' id='word_1_216' title='bbox 124 2609 346 2667; x_wconf 81' lang='lat' dir='ltr'>acommittere</span> <span class='ocrx_word' id='word_1_217' title='bbox 373 2606 510 2686; x_wconf 90' lang='lat' dir='ltr'>auderet,</span> <span class='ocrx_word' id='word_1_218' title='bbox 537 2614 633 2667; x_wconf 88' lang='lat' dir='ltr'>castra</span> <span class='ocrx_word' id='word_1_219' title='bbox 661 2608 762 2685; x_wconf 87' lang='lat' dir='ltr'>posuit</span> <span class='ocrx_word' id='word_1_220' title='bbox 788 2607 854 2667; x_wconf 94' lang='lat' dir='ltr'>loco</span> <span class='ocrx_word' id='word_1_221' title='bbox 881 2609 1005 2668; x_wconf 91' lang='lat' dir='ltr'>munito.</span> <span class='ocrx_word' id='word_1_222' title='bbox 1051 2606 1235 2680; x_wconf 82' lang='lat' dir='ltr'>Dumnacus,</span> <span class='ocrx_word' id='word_1_223' title='bbox 1267 2624 1341 2667; x_wconf 89' lang='lat' dir='ltr'>cum</span> 
     </span>
     <span class='ocr_line' id='line_1_28' title="bbox 160 2694 1342 2777; baseline 0.001 -22"><span class='ocrx_word' id='word_1_224' title='bbox 160 2696 398 2775; x_wconf 90' lang='lat' dir='ltr'>appropinquare</span> <span class='ocrx_word' id='word_1_225' title='bbox 432 2694 587 2756; x_wconf 84' lang='lat' dir='ltr'>Caninium</span> <span class='ocrx_word' id='word_1_226' title='bbox 621 2704 791 2777; x_wconf 89' lang='lat' dir='ltr'>cognosset,</span> <span class='ocrx_word' id='word_1_227' title='bbox 827 2698 921 2774; x_wconf 91' lang='lat' dir='ltr'>copiis</span> <span class='ocrx_word' id='word_1_228' title='bbox 954 2694 1091 2756; x_wconf 89' lang='lat' dir='ltr'>omnibus</span> <span class='ocrx_word' id='word_1_229' title='bbox 1130 2694 1165 2754; x_wconf 89' lang='lat' dir='ltr'>ad</span> <span class='ocrx_word' id='word_1_230' title='bbox 1203 2694 1342 2774; x_wconf 86' lang='lat' dir='ltr'>legiones</span> 
     </span>
     <span class='ocr_line' id='line_1_29' title="bbox 124 2783 1342 2863; baseline -0.001 -18"><span class='ocrx_word' id='word_1_231' title='bbox 124 2785 312 2845; x_wconf 73' lang='lat' dir='ltr'>econversis</span> <span class='ocrx_word' id='word_1_232' title='bbox 336 2791 433 2844; x_wconf 92' lang='lat' dir='ltr'>castra</span> <span class='ocrx_word' id='word_1_233' title='bbox 456 2783 656 2845; x_wconf 88' lang='lat' dir='ltr'>Romanorum</span> <span class='ocrx_word' id='word_1_234' title='bbox 680 2802 852 2863; x_wconf 90' lang='lat' dir='ltr'>oppugnare</span> <span class='ocrx_word' id='word_1_235' title='bbox 879 2785 1018 2845; x_wconf 88' lang='lat' dir='ltr'>instituit.</span> <span class='ocrx_word' id='word_1_236' title='bbox 1064 2783 1138 2844; x_wconf 81' lang='lat' dir='ltr'>Cum</span> <span class='ocrx_word' id='word_1_237' title='bbox 1166 2783 1342 2862; x_wconf 87' lang='lat' dir='ltr'>complures</span> 
     </span>
     <span class='ocr_line' id='line_1_30' title="bbox 160 2871 1342 2952; baseline 0 -20"><span class='ocrx_word' id='word_1_238' title='bbox 160 2872 225 2933; x_wconf 91' lang='lat' dir='ltr'>dies</span> <span class='ocrx_word' id='word_1_239' title='bbox 251 2875 282 2932; x_wconf 94' lang='lat' dir='ltr'>in</span> <span class='ocrx_word' id='word_1_240' title='bbox 311 2874 530 2951; x_wconf 91' lang='lat' dir='ltr'>oppugnatione</span> <span class='ocrx_word' id='word_1_241' title='bbox 558 2874 793 2952; x_wconf 87' lang='lat' dir='ltr'>consumpsisset</span> <span class='ocrx_word' id='word_1_242' title='bbox 819 2880 849 2933; x_wconf 93' lang='lat' dir='ltr'>et</span> <span class='ocrx_word' id='word_1_243' title='bbox 877 2890 983 2952; x_wconf 90' lang='lat' dir='ltr'>magno</span> <span class='ocrx_word' id='word_1_244' title='bbox 1010 2889 1132 2933; x_wconf 92' lang='lat' dir='ltr'>suorum</span> <span class='ocrx_word' id='word_1_245' title='bbox 1155 2871 1342 2934; x_wconf 86' lang='lat' dir='ltr'>detrimento</span> 
     </span>
     <span class='ocr_line' id='line_1_31' title="bbox 160 2960 1340 3043; baseline 0 -23"><span class='ocrx_word' id='word_1_246' title='bbox 160 2960 270 3021; x_wconf 92' lang='lat' dir='ltr'>nullam</span> <span class='ocrx_word' id='word_1_247' title='bbox 298 2969 414 3040; x_wconf 91' lang='lat' dir='ltr'>partem</span> <span class='ocrx_word' id='word_1_248' title='bbox 443 2963 642 3021; x_wconf 90' lang='lat' dir='ltr'>munitionum</span> <span class='ocrx_word' id='word_1_249' title='bbox 671 2961 836 3022; x_wconf 87' lang='lat' dir='ltr'>convellere</span> <span class='ocrx_word' id='word_1_250' title='bbox 867 2963 1027 3043; x_wconf 87' lang='lat' dir='ltr'>potuisset,</span> <span class='ocrx_word' id='word_1_251' title='bbox 1054 2978 1161 3022; x_wconf 88' lang='lat' dir='ltr'>rursus</span> <span class='ocrx_word' id='word_1_252' title='bbox 1189 2960 1226 3021; x_wconf 92' lang='lat' dir='ltr'>ad</span> <span class='ocrx_word' id='word_1_253' title='bbox 1259 2960 1340 3022; x_wconf 88' lang='lat' dir='ltr'>obsi-</span> 
     </span>
     <span class='ocr_line' id='line_1_32' title="bbox 160 3047 1340 3110; baseline -0.001 -1"><span class='ocrx_word' id='word_1_254' title='bbox 160 3049 291 3110; x_wconf 90' lang='lat' dir='ltr'>dendum</span> <span class='ocrx_word' id='word_1_255' title='bbox 313 3047 478 3109; x_wconf 88' lang='lat' dir='ltr'>Lemonum</span> <span class='ocrx_word' id='word_1_256' title='bbox 502 3049 587 3109; x_wconf 92' lang='lat' dir='ltr'>redit.</span> <span class='ocrx_word' id='word_1_257' title='bbox 1339 3087 1340 3090; x_wconf 56' lang='lat'><em>=</em></span> 
     </span>
    </p>

    <p class='ocr_par' dir='ltr' id='par_1_10' title="bbox 249 3135 1341 3217">
     <span class='ocr_line' id='line_1_33' title="bbox 249 3135 1341 3217; baseline 0 -19"><span class='ocrx_word' id='word_1_258' title='bbox 249 3135 300 3199; x_wconf 77' lang='grc'>27.</span> <span class='ocrx_word' id='word_1_259' title='bbox 332 3137 445 3197; x_wconf 89' lang='lat' dir='ltr'>Eodem</span> <span class='ocrx_word' id='word_1_260' title='bbox 468 3146 603 3216; x_wconf 88' lang='lat' dir='ltr'>tempore</span> <span class='ocrx_word' id='word_1_261' title='bbox 627 3136 657 3197; x_wconf 88' lang='lat' dir='ltr'>C.</span> <span class='ocrx_word' id='word_1_262' title='bbox 680 3136 790 3199; x_wconf 84' lang='lat' dir='ltr'>Fabius</span> <span class='ocrx_word' id='word_1_263' title='bbox 815 3138 930 3217; x_wconf 90' lang='lat' dir='ltr'>legatus</span> <span class='ocrx_word' id='word_1_264' title='bbox 954 3137 1122 3216; x_wconf 86' lang='lat' dir='ltr'>complures</span> <span class='ocrx_word' id='word_1_265' title='bbox 1146 3138 1282 3198; x_wconf 87' lang='lat' dir='ltr'>civitates</span> <span class='ocrx_word' id='word_1_266' title='bbox 1305 3138 1341 3198; x_wconf 87' lang='lat' dir='ltr'>in</span> 
     </span>
    </p>

    <p class='ocr_par' dir='ltr' id='par_1_11' title="bbox 160 3225 1341 3308">
     <span class='ocr_line' id='line_1_34' title="bbox 160 3225 1341 3308; baseline 0.001 -23"><span class='ocrx_word' id='word_1_267' title='bbox 160 3225 249 3285; x_wconf 87' lang='lat' dir='ltr'>tidem</span> <span class='ocrx_word' id='word_1_268' title='bbox 272 3228 393 3308; x_wconf 89' lang='lat' dir='ltr'>recipit,</span> <span class='ocrx_word' id='word_1_269' title='bbox 417 3225 571 3287; x_wconf 91' lang='lat' dir='ltr'>obsidibus</span> <span class='ocrx_word' id='word_1_270' title='bbox 593 3226 693 3286; x_wconf 85' lang='lat' dir='ltr'>firmat</span> <span class='ocrx_word' id='word_1_271' title='bbox 714 3226 881 3305; x_wconf 88' lang='lat' dir='ltr'>litterisque</span> <span class='ocrx_word' id='word_1_272' title='bbox 901 3225 953 3286; x_wconf 87' lang='lat' dir='ltr'>Gai</span> <span class='ocrx_word' id='word_1_273' title='bbox 973 3225 1076 3287; x_wconf 87' lang='lat' dir='ltr'>Canini</span> <span class='ocrx_word' id='word_1_274' title='bbox 1095 3225 1192 3286; x_wconf 88' lang='lat' dir='ltr'>Rebili</span> <span class='ocrx_word' id='word_1_275' title='bbox 1215 3226 1249 3286; x_wconf 87' lang='lat' dir='ltr'>lit</span> <span class='ocrx_word' id='word_1_276' title='bbox 1272 3244 1341 3286; x_wconf 91' lang='lat' dir='ltr'>cer-</span> 
     </span>
    </p>
   </div>
   <div class='ocr_carea' id='block_1_4' title="bbox 141 3393 1343 4459">
    <p class='ocr_par' dir='ltr' id='par_1_12' title="bbox 158 3393 1342 3608">
     <span class='ocr_line' id='line_1_35' title="bbox 160 3393 1342 3466; baseline 0.005 -20"><span class='ocrx_word' id='word_1_277' title='bbox 160 3393 271 3448; x_wconf 79' lang='lat' dir='ltr'>schichb</span> <span class='ocrx_word' id='word_1_278' title='bbox 288 3394 410 3463; x_wconf 85' lang='lat' dir='ltr'>worden,</span> <span class='ocrx_word' id='word_1_279' title='bbox 429 3397 536 3451; x_wconf 85' lang='lat' dir='ltr'>welche</span> <span class='ocrx_word' id='word_1_280' title='bbox 554 3413 617 3451; x_wconf 84' lang='lat' dir='ltr'>zum</span> <span class='ocrx_word' id='word_1_281' title='bbox 636 3396 720 3452; x_wconf 84' lang='lat' dir='ltr'>Theil</span> <span class='ocrx_word' id='word_1_282' title='bbox 772 3397 830 3451; x_wconf 87' lang='lat' dir='ltr'>Der</span> <span class='ocrx_word' id='word_1_283' title='bbox 848 3395 963 3451; x_wconf 82' lang='lat' dir='ltr'>Genitir</span> <span class='ocrx_word' id='word_1_284' title='bbox 980 3395 1128 3465; x_wconf 77' lang='lat' dir='ltr'>dignitatis</span> <span class='ocrx_word' id='word_1_285' title='bbox 1145 3395 1237 3466; x_wconf 74' lang='lat' dir='ltr'>hhngb</span> <span class='ocrx_word' id='word_1_286' title='bbox 1259 3395 1342 3452; x_wconf 88' lang='lat' dir='ltr'>dem-</span> 
     </span>
     <span class='ocr_line' id='line_1_36' title="bbox 158 3464 1341 3536; baseline 0.003 -18"><span class='ocrx_word' id='word_1_287' title='bbox 158 3482 207 3518; x_wconf 79' lang='lat' dir='ltr'>nur</span> <span class='ocrx_word' id='word_1_288' title='bbox 224 3464 342 3519; x_wconf 86' lang='lat' dir='ltr'>Provina</span> <span class='ocrx_word' id='word_1_289' title='bbox 359 3466 503 3534; x_wconf 81' lang='lat' dir='ltr'>gehorten.</span> <span class='ocrx_word' id='word_1_290' title='bbox 525 3499 557 3507; x_wconf 94' lang='lat'>—</span> <span class='ocrx_word' id='word_1_291' title='bbox 577 3475 601 3523; x_wconf 86' lang='lat'>3.</span> <span class='ocrx_word' id='word_1_292' title='bbox 621 3470 719 3536; x_wconf 82' lang='lat' dir='ltr'>toga·</span> <span class='ocrx_word' id='word_1_293' title='bbox 772 3467 846 3522; x_wconf 83' lang='lat' dir='ltr'>nach</span> <span class='ocrx_word' id='word_1_294' title='bbox 863 3483 919 3523; x_wconf 77' lang='lat' dir='ltr'>ron</span> <span class='ocrx_word' id='word_1_295' title='bbox 933 3483 992 3521; x_wconf 87' lang='lat' dir='ltr'>esse</span> <span class='ocrx_word' id='word_1_296' title='bbox 1011 3467 1056 3523; x_wconf 86' lang='lat' dir='ltr'>ab.</span> <span class='ocrx_word' id='word_1_297' title='bbox 1077 3498 1109 3506; x_wconf 96' lang='lat'>—</span> <span class='ocrx_word' id='word_1_298' title='bbox 1129 3468 1283 3522; x_wconf 80' lang='lat' dir='ltr'>rasiare:</span> <span class='ocrx_word' id='word_1_299' title='bbox 1303 3485 1341 3522; x_wconf 82' lang='lat' dir='ltr'>zu</span> 
     </span>
     <span class='ocr_line' id='line_1_37' title="bbox 158 3534 1218 3608; baseline 0.001 -17"><span class='ocrx_word' id='word_1_300' title='bbox 158 3540 229 3591; x_wconf 80' lang='lat' dir='ltr'>bam</span> <span class='ocrx_word' id='word_1_301' title='bbox 248 3534 409 3590; x_wconf 82' lang='lat' dir='ltr'>Galliam:</span> <span class='ocrx_word' id='word_1_302' title='bbox 433 3537 561 3593; x_wconf 79' lang='lat' dir='ltr'>diesseiis</span> <span class='ocrx_word' id='word_1_303' title='bbox 580 3538 638 3593; x_wconf 90' lang='lat' dir='ltr'>und</span> <span class='ocrx_word' id='word_1_304' title='bbox 657 3539 719 3608; x_wconf 87' lang='lat' dir='ltr'>jen·</span> <span class='ocrx_word' id='word_1_305' title='bbox 773 3538 943 3607; x_wconf 80' lang='lat' dir='ltr'>enbblosseu‚</span> <span class='ocrx_word' id='word_1_306' title='bbox 962 3537 1020 3592; x_wconf 89' lang='lat' dir='ltr'>leer</span> <span class='ocrx_word' id='word_1_307' title='bbox 1038 3556 1072 3592; x_wconf 85' lang='lat' dir='ltr'>au</span> <span class='ocrx_word' id='word_1_308' title='bbox 1090 3538 1218 3592; x_wconf 85' lang='lat' dir='ltr'>macheu.</span> 
     </span>
    </p>

    <p class='ocr_par' dir='ltr' id='par_1_13' title="bbox 157 3605 1343 3820">
     <span class='ocr_line' id='line_1_38' title="bbox 160 3605 1343 3680; baseline 0.003 -20"><span class='ocrx_word' id='word_1_309' title='bbox 160 3607 227 3663; x_wconf 78' lang='lat' dir='ltr'>scits</span> <span class='ocrx_word' id='word_1_310' title='bbox 241 3607 291 3660; x_wconf 89' lang='lat' dir='ltr'>des</span> <span class='ocrx_word' id='word_1_311' title='bbox 304 3605 352 3662; x_wconf 88' lang='lat' dir='ltr'>Po.</span> <span class='ocrx_word' id='word_1_312' title='bbox 369 3638 402 3645; x_wconf 97' lang='lat'>—</span> <span class='ocrx_word' id='word_1_313' title='bbox 417 3607 637 3664; x_wconf 86' lang='lat' dir='ltr'>decursione:</span> <span class='ocrx_word' id='word_1_314' title='bbox 651 3609 717 3662; x_wconf 87' lang='lat' dir='ltr'>Ein-</span> <span class='ocrx_word' id='word_1_315' title='bbox 809 3609 876 3680; x_wconf 76' lang='lat' dir='ltr'>Cap,</span> <span class='ocrx_word' id='word_1_316' title='bbox 896 3616 938 3664; x_wconf 79' lang='lat'>25.</span> <span class='ocrx_word' id='word_1_317' title='bbox 963 3615 987 3662; x_wconf 80' lang='lat'>2.</span> <span class='ocrx_word' id='word_1_318' title='bbox 1007 3609 1115 3662; x_wconf 84' lang='lat' dir='ltr'>cultu:</span> <span class='ocrx_word' id='word_1_319' title='bbox 1135 3608 1343 3678; x_wconf 82' lang='lat' dir='ltr'>Lebensweise,</span> 
     </span>
     <span class='ocr_line' id='line_1_39' title="bbox 157 3676 1341 3736; baseline 0.003 -3"><span class='ocrx_word' id='word_1_320' title='bbox 157 3679 211 3733; x_wconf 88' lang='lat' dir='ltr'>fall</span> <span class='ocrx_word' id='word_1_321' title='bbox 237 3694 292 3733; x_wconf 85' lang='lat' dir='ltr'>von</span> <span class='ocrx_word' id='word_1_322' title='bbox 319 3676 368 3731; x_wconf 88' lang='lat' dir='ltr'>der</span> <span class='ocrx_word' id='word_1_323' title='bbox 394 3677 474 3732; x_wconf 82' lang='lat' dir='ltr'>Hohe</span> <span class='ocrx_word' id='word_1_324' title='bbox 502 3680 588 3734; x_wconf 89' lang='lat' dir='ltr'>herab</span> <span class='ocrx_word' id='word_1_325' title='bbox 615 3680 645 3733; x_wconf 88' lang='lat' dir='ltr'>in</span> <span class='ocrx_word' id='word_1_326' title='bbox 673 3680 719 3734; x_wconf 92' lang='lat' dir='ltr'>die</span> <span class='ocrx_word' id='word_1_327' title='bbox 772 3681 880 3736; x_wconf 86' lang='lat' dir='ltr'>welche</span> <span class='ocrx_word' id='word_1_328' title='bbox 897 3680 985 3735; x_wconf 88' lang='lat' dir='ltr'>durch</span> <span class='ocrx_word' id='word_1_329' title='bbox 1004 3682 1034 3735; x_wconf 81' lang='lat' dir='ltr'>et</span> <span class='ocrx_word' id='word_1_330' title='bbox 1051 3679 1170 3734; x_wconf 79' lang='lat' dir='ltr'>veritate</span> <span class='ocrx_word' id='word_1_331' title='bbox 1184 3680 1341 3736; x_wconf 75' lang='lat' dir='ltr'>nbherbe-</span> 
     </span>
     <span class='ocr_line' id='line_1_40' title="bbox 158 3748 977 3820; baseline 0.001 -16"><span class='ocrx_word' id='word_1_332' title='bbox 158 3750 265 3815; x_wconf 84' lang='lat' dir='ltr'>Ebeue;</span> <span class='ocrx_word' id='word_1_333' title='bbox 294 3764 360 3802; x_wconf 89' lang='lat' dir='ltr'>man</span> <span class='ocrx_word' id='word_1_334' title='bbox 387 3748 438 3802; x_wconf 82' lang='lat' dir='ltr'>hal</span> <span class='ocrx_word' id='word_1_335' title='bbox 465 3765 502 3803; x_wconf 87' lang='lat' dir='ltr'>an</span> <span class='ocrx_word' id='word_1_336' title='bbox 528 3750 720 3820; x_wconf 81' lang='lat' dir='ltr'>Alpenvblker</span> <span class='ocrx_word' id='word_1_337' title='bbox 773 3752 882 3807; x_wconf 81' lang='lat' dir='ltr'>siimmt</span> <span class='ocrx_word' id='word_1_338' title='bbox 900 3752 977 3806; x_wconf 89' lang='lat' dir='ltr'>wird.</span> 
     </span>
    </p>

    <p class='ocr_par' dir='ltr' id='par_1_14' title="bbox 158 3820 720 3876">
     <span class='ocr_line' id='line_1_41' title="bbox 158 3820 720 3876; baseline 0.002 -1"><span class='ocrx_word' id='word_1_339' title='bbox 158 3840 193 3876; x_wconf 87' lang='lat' dir='ltr'>zu</span> <span class='ocrx_word' id='word_1_340' title='bbox 217 3820 335 3875; x_wconf 86' lang='lat' dir='ltr'>denken.</span> <span class='ocrx_word' id='word_1_341' title='bbox 363 3851 396 3858; x_wconf 92' lang='lat'><em>-</em></span> <span class='ocrx_word' id='word_1_342' title='bbox 421 3826 446 3875; x_wconf 85' lang='lat'>4.</span> <span class='ocrx_word' id='word_1_343' title='bbox 472 3820 561 3874; x_wconf 87' lang='lat' dir='ltr'>fines</span> <span class='ocrx_word' id='word_1_344' title='bbox 584 3821 720 3876; x_wconf 90' lang='lat' dir='ltr'>Ambio-</span> 
     </span>
    </p>

    <p class='ocr_par' dir='ltr' id='par_1_15' title="bbox 158 3890 1342 4176">
     <span class='ocr_line' id='line_1_42' title="bbox 158 3890 1285 3963; baseline 0.003 -17"><span class='ocrx_word' id='word_1_345' title='bbox 158 3891 258 3962; x_wconf 73' lang='lat' dir='ltr'>rigise</span> <span class='ocrx_word' id='word_1_346' title='bbox 277 3907 299 3947; x_wconf 88' lang='lat' dir='ltr'>s.</span> <span class='ocrx_word' id='word_1_347' title='bbox 313 3891 383 3945; x_wconf 84' lang='lat' dir='ltr'>iiber</span> <span class='ocrx_word' id='word_1_348' title='bbox 400 3890 449 3945; x_wconf 91' lang='lat' dir='ltr'>ihn</span> <span class='ocrx_word' id='word_1_349' title='bbox 469 3896 494 3960; x_wconf 81' lang='lat'>5,</span> <span class='ocrx_word' id='word_1_350' title='bbox 514 3898 548 3946; x_wconf 81' lang='lat'>24</span> <span class='ocrx_word' id='word_1_351' title='bbox 562 3909 602 3963; x_wconf 88' lang='lat' dir='ltr'>sq.</span> <span class='ocrx_word' id='word_1_352' title='bbox 621 3892 679 3946; x_wconf 89' lang='lat' dir='ltr'>und</span> <span class='ocrx_word' id='word_1_353' title='bbox 695 3899 720 3961; x_wconf 80' lang='lat'>6,</span> <span class='ocrx_word' id='word_1_354' title='bbox 822 3894 869 3950; x_wconf 87' lang='lat' dir='ltr'>IV.</span> <span class='ocrx_word' id='word_1_355' title='bbox 893 3893 946 3948; x_wconf 89' lang='lat' dir='ltr'>Die</span> <span class='ocrx_word' id='word_1_356' title='bbox 960 3892 1083 3962; x_wconf 77' lang='lat' dir='ltr'>Kbmpie</span> <span class='ocrx_word' id='word_1_357' title='bbox 1101 3892 1140 3946; x_wconf 89' lang='lat' dir='ltr'>im</span> <span class='ocrx_word' id='word_1_358' title='bbox 1159 3892 1285 3949; x_wconf 75' lang='lat' dir='ltr'>Wesbeu</span> 
     </span>
     <span class='ocr_line' id='line_1_43' title="bbox 159 3961 1267 4056; baseline 0.001 -3"><span class='ocrx_word' id='word_1_359' title='bbox 159 3969 250 4019; x_wconf 53' lang='lat'>29¹*</span> <span class='ocrx_word' id='word_1_360' title='bbox 269 3962 458 4046; x_wconf 53' lang='lat' dir='ltr'><strong>prmfnum</strong></span> <span class='ocrx_word' id='word_1_361' title='bbox 478 3994 512 4002; x_wconf 75' lang='grc'>““</span> <span class='ocrx_word' id='word_1_362' title='bbox 530 3961 720 4046; x_wconf 46' lang='grc' dir='ltr'>θεεθτᾳᾶωῖ</span> <span class='ocrx_word' id='word_1_363' title='bbox 774 4006 788 4054; x_wconf 93' lang='grc'>1</span> <span class='ocrx_word' id='word_1_364' title='bbox 818 3999 838 4056; x_wconf 84' lang='lat' dir='ltr'>O</span> <span class='ocrx_word' id='word_1_365' title='bbox 866 3998 981 4054; x_wconf 83' lang='lat' dir='ltr'>ninius</span> <span class='ocrx_word' id='word_1_366' title='bbox 999 3999 1066 4053; x_wconf 88' lang='lat' dir='ltr'>und</span> <span class='ocrx_word' id='word_1_367' title='bbox 1080 3997 1207 4053; x_wconf 83' lang='lat' dir='ltr'>Fabius</span> <span class='ocrx_word' id='word_1_368' title='bbox 1250 4016 1267 4054; x_wconf 90' lang='lat' dir='ltr'>e</span> 
     </span>
     <span class='ocr_line' id='line_1_44' title="bbox 158 4016 1342 4124; baseline 0.002 -37"><span class='ocrx_word' id='word_1_369' title='bbox 158 4034 274 4105; x_wconf 83' lang='lat' dir='ltr'>glauhbe</span> <span class='ocrx_word' id='word_1_370' title='bbox 293 4050 322 4088; x_wconf 91' lang='lat' dir='ltr'>es</span> <span class='ocrx_word' id='word_1_371' title='bbox 341 4051 432 4115; x_wconf 81' lang='lat' dir='ltr'>semer</span> <span class='ocrx_word' id='word_1_372' title='bbox 444 4034 519 4088; x_wconf 86' lang='lat' dir='ltr'>Ehre</span> <span class='ocrx_word' id='word_1_373' title='bbox 538 4034 668 4104; x_wconf 85' lang='lat' dir='ltr'>schuldrg</span> <span class='ocrx_word' id='word_1_374' title='bbox 686 4053 720 4088; x_wconf 85' lang='lat' dir='ltr'>zu</span> <span class='ocrx_word' id='word_1_375' title='bbox 792 4044 798 4056; x_wconf 88' lang='lat'><strong>·</strong></span> <span class='ocrx_word' id='word_1_376' title='bbox 845 4018 863 4056; x_wconf 55' lang='grc' dir='ltr'>θ’</span> <span class='ocrx_word' id='word_1_377' title='bbox 945 4071 1151 4124; x_wconf 57' lang='lat' dir='ltr'><strong>Dumnacus</strong></span> <span class='ocrx_word' id='word_1_378' title='bbox 1225 4017 1245 4070; x_wconf 69' lang='lat'>⁸</span> <span class='ocrx_word' id='word_1_379' title='bbox 1272 4016 1342 4071; x_wconf 53' lang='grc' dir='ltr'>μ’)</span> 
     </span>
     <span class='ocr_line' id='line_1_45' title="bbox 159 4104 1159 4176; baseline 0.003 -18"><span class='ocrx_word' id='word_1_380' title='bbox 159 4104 720 4176; x_wconf 84' lang='lat' dir='ltr'>scindenAmbionxlebendiggefangen</span> <span class='ocrx_word' id='word_1_381' title='bbox 839 4113 842 4120; x_wconf 86' lang='lat'>&#39;</span> <span class='ocrx_word' id='word_1_382' title='bbox 1153 4114 1159 4126; x_wconf 92' lang='grc'>·</span> 
     </span>
    </p>

    <p class='ocr_par' dir='ltr' id='par_1_16' title="bbox 158 4157 1147 4244">
     <span class='ocr_line' id='line_1_46' title="bbox 158 4157 1147 4244; baseline -0.004 -15"><span class='ocrx_word' id='word_1_383' title='bbox 158 4194 194 4229; x_wconf 75' lang='lat' dir='ltr'>zu</span> <span class='ocrx_word' id='word_1_384' title='bbox 211 4175 333 4230; x_wconf 72' lang='lat' dir='ltr'>neaman</span> <span class='ocrx_word' id='word_1_385' title='bbox 347 4175 404 4228; x_wconf 82' lang='lat' dir='ltr'>una</span> <span class='ocrx_word' id='word_1_386' title='bbox 421 4175 471 4229; x_wconf 78' lang='lat' dir='ltr'>nm</span> <span class='ocrx_word' id='word_1_387' title='bbox 489 4194 524 4230; x_wconf 71' lang='lat' dir='ltr'>zu</span> <span class='ocrx_word' id='word_1_388' title='bbox 545 4177 658 4244; x_wconf 64' lang='lat' dir='ltr'>esocem</span> <span class='ocrx_word' id='word_1_389' title='bbox 682 4177 720 4231; x_wconf 76' lang='lat' dir='ltr'>ua</span> <span class='ocrx_word' id='word_1_390' title='bbox 965 4157 1147 4226; x_wconf 63' lang='grc' dir='ltr'>(ΜΘ-31.)</span> 
     </span>
    </p>

    <p class='ocr_par' dir='ltr' id='par_1_17' title="bbox 156 4246 1341 4388">
     <span class='ocr_line' id='line_1_47' title="bbox 159 4246 1341 4318; baseline 0.003 -18"><span class='ocrx_word' id='word_1_391' title='bbox 159 4262 188 4300; x_wconf 89' lang='lat' dir='ltr'>er</span> <span class='ocrx_word' id='word_1_392' title='bbox 207 4247 275 4301; x_wconf 88' lang='lat' dir='ltr'>aber</span> <span class='ocrx_word' id='word_1_393' title='bbox 293 4246 353 4300; x_wconf 87' lang='lat' dir='ltr'>dies</span> <span class='ocrx_word' id='word_1_394' title='bbox 371 4246 450 4300; x_wconf 80' lang='lat' dir='ltr'>nicht</span> <span class='ocrx_word' id='word_1_395' title='bbox 468 4247 582 4315; x_wconf 70' lang='lat' dir='ltr'>bonnae,</span> <span class='ocrx_word' id='word_1_396' title='bbox 603 4248 720 4318; x_wconf 79' lang='lat' dir='ltr'>glaubte</span> <span class='ocrx_word' id='word_1_397' title='bbox 809 4246 876 4316; x_wconf 80' lang='lat' dir='ltr'>Gap.</span> <span class='ocrx_word' id='word_1_398' title='bbox 892 4253 934 4301; x_wconf 78' lang='lat'>26.</span> <span class='ocrx_word' id='word_1_399' title='bbox 954 4253 978 4301; x_wconf 76' lang='lat'>2.</span> <span class='ocrx_word' id='word_1_400' title='bbox 997 4246 1157 4301; x_wconf 77' lang='lat' dir='ltr'>hostibus</span> <span class='ocrx_word' id='word_1_401' title='bbox 1177 4248 1341 4304; x_wconf 77' lang='lat' dir='ltr'>commih-</span> 
     </span>
     <span class='ocr_line' id='line_1_48' title="bbox 156 4316 1220 4388; baseline 0.004 -20"><span class='ocrx_word' id='word_1_402' title='bbox 156 4333 192 4382; x_wconf 67' lang='grc' dir='ltr'>οι,</span> <span class='ocrx_word' id='word_1_403' title='bbox 209 4317 275 4371; x_wconf 78' lang='lat' dir='ltr'>dass</span> <span class='ocrx_word' id='word_1_404' title='bbox 288 4317 333 4370; x_wconf 87' lang='lat' dir='ltr'>als</span> <span class='ocrx_word' id='word_1_405' title='bbox 348 4316 398 4370; x_wconf 83' lang='lat' dir='ltr'>das</span> <span class='ocrx_word' id='word_1_406' title='bbox 409 4316 534 4373; x_wconf 69' lang='lat' dir='ltr'>Nechsie</span> <span class='ocrx_word' id='word_1_407' title='bbox 549 4317 719 4373; x_wconf 82' lang='lat' dir='ltr'>seinerEhre</span> <span class='ocrx_word' id='word_1_408' title='bbox 772 4320 859 4373; x_wconf 80' lang='lat' dir='ltr'>iere:</span> <span class='ocrx_word' id='word_1_409' title='bbox 877 4317 1044 4388; x_wconf 86' lang='lat' dir='ltr'>preisgeben</span> <span class='ocrx_word' id='word_1_410' title='bbox 1071 4317 1220 4388; x_wconf 88' lang='lat' dir='ltr'>hingebcn.</span> 
     </span>
    </p>

    <p class='ocr_par' dir='ltr' id='par_1_18' title="bbox 141 4361 1340 4459">
     <span class='ocr_line' id='line_1_49' title="bbox 141 4361 1340 4459; baseline 0.011 -24"><span class='ocrx_word' id='word_1_411' title='bbox 141 4385 204 4436; x_wconf 81' lang='lat' dir='ltr'>und</span> <span class='ocrx_word' id='word_1_412' title='bbox 221 4386 328 4442; x_wconf 77' lang='lat' dir='ltr'>Wdrde</span> <span class='ocrx_word' id='word_1_413' title='bbox 340 4404 529 4458; x_wconf 80' lang='lat' dir='ltr'>augemesseu</span> <span class='ocrx_word' id='word_1_414' title='bbox 550 4389 591 4446; x_wconf 89' lang='lat' dir='ltr'>sei</span> <span class='ocrx_word' id='word_1_415' title='bbox 605 4408 633 4446; x_wconf 91' lang='grc' dir='ltr'>ιι.</span> <span class='ocrx_word' id='word_1_416' title='bbox 648 4407 669 4446; x_wconf 87' lang='lat' dir='ltr'>s.</span> <span class='ocrx_word' id='word_1_417' title='bbox 684 4408 721 4446; x_wconf 91' lang='lat' dir='ltr'>w.</span> <span class='ocrx_word' id='word_1_418' title='bbox 811 4387 880 4459; x_wconf 80' lang='lat' dir='ltr'>(lep.</span> <span class='ocrx_word' id='word_1_419' title='bbox 896 4395 942 4444; x_wconf 70' lang='lat' dir='ltr'>ul.</span> <span class='ocrx_word' id='word_1_420' title='bbox 969 4396 996 4445; x_wconf 76' lang='lat' dir='ltr'>i.</span> <span class='ocrx_word' id='word_1_421' title='bbox 1017 4361 1196 4443; x_wconf 65' lang='lat' dir='ltr'>obsidibus</span> <span class='ocrx_word' id='word_1_422' title='bbox 1214 4389 1340 4448; x_wconf 71' lang='lat' dir='ltr'>firmat</span> 
     </span>
    </p>
   </div>
   <div class='ocr_carea' id='block_1_5' title="bbox 0 0 1406 4778">
    <p class='ocr_par' dir='ltr' id='par_1_19' title="bbox 0 0 1406 4778">
     <span class='ocr_line' id='line_1_50' title="bbox 0 0 1406 4778; baseline 0 2"><span class='ocrx_word' id='word_1_423' title='bbox 0 0 1406 4778; x_wconf 95' lang='lat' dir='ltr'> </span> 
     </span>
    </p>
   </div>
  </div>
 </body>
</html>
