2804 4778
170 244 238 309 286
577 240 626 296 DE
646 241 764 297 BELLO
784 240 942 296 Gannico

170 413 302 474 venisset
331 408 532 489 oppidumque
562 408 705 489 operibus
735 409 869 470 clausum
898 409 1146 471 animadverteret
1179 427 1283 490 neque
1317 409 1356 473 ab

171 501 390 581 oppugnatione
421 497 522 559 recedi
546 497 661 559 videret
687 497 747 559 ulla
773 498 949 559 condicione
979 516 1082 580 posse,
1110 515 1217 577 magna
1249 507 1354 560 autem

172 591 255 668 copia
283 588 426 648 frumenti
453 585 604 647 abundare
634 586 797 666 oppidanos
830 606 867 648 er
898 586 1032 667 perfugis
1065 594 1238 669 cognosset,
1272 606 1354 667 aqua

135 675 330 756 tprohibere
352 676 470 736 hostem
493 682 639 754 temptare
663 677 770 755 coepit.
807 674 932 737 Flumen
954 675 1086 736 infimam
1108 675 1214 736 vallem
1237 673 1352 737 divide·

169 765 233 845 bat,
266 783 342 844 quae
374 771 471 824 totum
500 782 594 844 paene
628 772 759 825 montem
787 765 939 847 cingebat,
972 766 1003 825 in
1031 782 1090 843 quo
1117 765 1251 843 positum
1284 775 1352 826 erat

134 863 150 912 3
169 861 366 934 praeruptum
388 852 521 931 undique
545 854 686 932 oppidum
704 852 930 914 Uxellodunum.
971 852 1035 913 Hoc
1058 859 1193 913 avertere
1216 852 1277 913 loci
1297 872 1349 914 na-

169 951 237 1004 tura
266 939 457 1021 prohibebam
488 943 520 1001 in
548 941 657 1002 infimis
685 945 766 1002 enim
794 944 837 1002 sic
864 940 1015 1002 radicibus
1042 943 1153 1002 montis
1184 939 1351 1024 serebatur,

134 1040 204 1091 ent
227 1030 338 1091 nnllam
361 1031 393 1089 in
420 1036 537 1107 partem
560 1029 711 1109 depressis
734 1031 823 1090 fossis
846 1030 973 1090 derivari
996 1036 1106 1109 posset.
1152 1027 1225 1089 llrat
1248 1037 1351 1091 autem

170 1119 325 1198 oppidanis
353 1117 483 1178 difficilis
512 1127 542 1178 et
568 1127 749 1198 praeruptus
777 1136 812 1178 eo
843 1118 1021 1198 descensus,
1052 1126 1086 1179 ut
1117 1116 1350 1197 prohibentibus

171 1210 283 1268 nostris
306 1208 371 1267 sine
394 1205 568 1267 vulneribus
587 1225 621 1266 ac
639 1206 773 1286 periculo
796 1209 873 1266 ritae
892 1224 990 1285 neque
1014 1206 1096 1267 adire
1118 1206 1231 1266 flumen
1250 1225 1350 1286 neque

135 1306 151 1354 5
171 1295 265 1356 arduo
288 1313 320 1355 se
343 1297 480 1373 recipcre
503 1303 627 1374 possent
649 1312 784 1355 ascensu.
826 1295 890 1365 Qtra
909 1294 1081 1355 difficultate
1101 1311 1207 1354 eorum
1230 1297 1351 1375 cognita

172 1383 279 1444 Caesar
307 1384 468 1463 sagittariis
494 1381 756 1462 funditoribusque
784 1383 949 1464 dispositis,
982 1385 1140 1443 tormentis
1168 1384 1260 1443 etiam
1284 1386 1349 1463 qui·

116 1468 128 1485 ⁵
169 1471 295 1533 busdam
317 1472 391 1533 locis
415 1478 518 1532 contra
541 1471 696 1533 facillimos
723 1469 888 1533 descensus
909 1471 1074 1553 collocatis,
1104 1488 1180 1549 aqua
1213 1471 1349 1533 lluminis

170 1559 346 1640 prohibebat
370 1559 541 1640 oppidanos.

137 1642 148 1655 '
260 1647 311 1710 41.
345 1648 480 1719 Quorum
503 1651 600 1709 omnis
622 1659 726 1729 postea
748 1648 907 1711 multitudo
930 1655 1106 1727 aquatorum
1129 1665 1226 1708 unum
1248 1650 1280 1709 in
1302 1649 1345 1710 lo·

171 1755 240 1798 cum
263 1735 459 1798 conveniebat
481 1735 536 1796 sub
560 1739 654 1816 ipsius
677 1738 779 1817 oppidi
796 1755 926 1819 murum,
949 1737 1001 1798 ubi
1019 1754 1144 1815 magnus
1163 1736 1231 1797 lons
1251 1754 1347 1816 aquae

170 1825 384 1905 prorumpebat
407 1825 443 1886 ab
468 1843 502 1885 ea
524 1833 623 1907 parte,
651 1844 726 1904 qnae
754 1827 817 1887 lere
845 1827 954 1906 pedum
978 1823 1048 1885 CCC
1071 1823 1227 1884 intervallo
1250 1825 1348 1886 flumi-

136 1917 218 1975 nnis
247 1917 376 1975 circuitu
402 1913 533 1976 vacabat.
578 1913 641 1974 Hoc
669 1915 751 1976 fonte
779 1914 932 1994 prohiberi
959 1931 1047 1994 posse
1080 1914 1244 1992 oppidanos
1278 1932 1348 1976 cum

172 2011 310 2082 optarent
332 2004 454 2084 reliqui,
477 2003 585 2064 Caesar
608 2021 687 2064 unus
709 2004 836 2082 videret,
859 2022 875 2063 e
899 2005 1021 2082 regione
1045 2003 1110 2061 eius
1133 2003 1234 2062 vineas
1258 2020 1349 2082 agere

172 2092 315 2152 adversus
342 2102 473 2152 montem
502 2102 532 2153 et
559 2110 698 2172 aggerem
725 2094 877 2152 instruere
901 2093 999 2170 coepit
1021 2107 1127 2169 magno
1151 2108 1222 2150 cum
1243 2090 1349 2152 labore

135 2190 152 2238 3
172 2188 202 2241 et
225 2183 366 2241 continua
389 2180 586 2243 dimicatione.
632 2180 780 2261 Oppidani
806 2183 885 2241 enim
913 2180 978 2240 loco
1002 2180 1157 2257 superiore
1181 2179 1352 2242 decurrunt

171 2276 202 2329 et
229 2271 346 2330 eminus
375 2271 439 2329 sine
466 2269 600 2348 periculo
629 2270 814 2349 proeliantur
837 2269 1005 2347 multosque
1028 2269 1221 2346 pertinaciter
1245 2286 1350 2330 succe·

173 2356 278 2418 dentes
310 2357 480 2437 vulnerant3
517 2376 576 2418 non
614 2357 805 2419 deterrentur
840 2366 940 2419 tamen
976 2356 1086 2417 milites
1118 2358 1215 2416 nostri
1246 2359 1350 2418 vineas

171 2446 308 2523 prolerre
342 2453 373 2506 et
403 2445 504 2505 labore
537 2453 626 2523 atque
660 2445 801 2525 operibus
833 2445 967 2506 locorum
999 2445 1119 2505 vincere
1147 2444 1349 2507 difficultates.

136 2544 152 2591 4
171 2533 284 2594 Eodem
312 2542 447 2612 tempore
475 2532 630 2594 cuniculos
658 2541 754 2594 tectos
784 2533 820 2594 ab
843 2535 937 2594 vineis
960 2541 1052 2613 agunt
1074 2531 1118 2592 ad*
1135 2540 1225 2611 caput
1247 2534 1352 2617 tontis,

173 2621 253 2700 quod
276 2639 371 2700 genus
395 2624 494 2700 operis
523 2624 586 2682 sine
610 2621 671 2682 ullo
693 2622 841 2702 periculo,
870 2624 933 2682 sine
957 2623 1127 2701 suspicione
1149 2620 1285 2683 hostium
1307 2623 1349 2683 fa·

136 2719 241 2770 ocere
275 2709 392 2771 licebat.
437 2710 612 2772 Exstruitur
644 2728 734 2790 agger
765 2713 797 2771 in
829 2710 1015 2772 altitudinem
1047 2709 1157 2788 pedum
1187 2713 1351 2793 sexaginta,

172 2798 335 2860 collocatur
352 2801 384 2859 in
403 2816 440 2858 eo
464 2802 557 2860 turris
580 2798 606 2858 X
630 2799 838 2882 tabulatorum,
861 2817 921 2860 non
945 2798 1065 2878 quidem
1089 2815 1165 2876 quae
1188 2798 1348 2861 moenibus

171 2895 323 2969 aequaret,
338 2881 383 2969 (id
406 2888 485 2948 enim
505 2887 593 2949 nullis
612 2887 753 2968 operibns
772 2889 851 2950 effici
867 2881 1009 2970 poteret)
1029 2886 1081 2948 sed
1104 2904 1181 2966 quae
1204 2905 1349 2965 superare

136 2976 262 3036 olontis
290 2976 441 3055 fastigirrm
468 2983 578 3055 posset.
623 2977 669 3037 Ex
696 2995 730 3038 ea
758 2994 827 3038 cum
855 2977 913 3038 tela
936 2978 1093 3037 tormentis
1116 2977 1289 3037 iacerentur
1311 2976 1348 3037 ad

173 3064 265 3125 fontis
288 3064 411 3146 aditum,
433 3082 489 3125 nec
512 3066 576 3125 sine
599 3065 733 3144 periculo
756 3074 878 3145 possent
901 3067 1005 3144 aquari
1027 3065 1176 3145 oppidani,
1199 3082 1260 3124 non
1283 3072 1348 3126 tan·

171 3159 237 3212 tum
264 3170 373 3231 pecora
401 3161 489 3231 atque
517 3155 661 3234 iumenta,
695 3154 748 3215 sed
776 3157 863 3216 ctiam
892 3171 997 3233 magna
1026 3154 1158 3215 hostium
1187 3152 1349 3214 multitudo

171 3242 221 3301 siti
244 3241 483 3302 consumebatur.

259 3325 312 3389 42.
351 3329 416 3399 Quo
444 3328 520 3390 malo
543 3331 697 3408 perterriti
720 3330 859 3411 oppidani
882 3348 973 3409 cupas
996 3348 1076 3412 sevo,
1097 3333 1173 3410 pice,
1196 3329 1350 3392 scandulis

169 3479 256 3535 nicht.
281 3510 314 3520 -
338 3487 362 3534 2.
381 3482 492 3535 totum
515 3498 636 3551 paene:
661 3485 730 3539 iiber
782 3482 865 3538 beide
883 3484 982 3538 Worte
1005 3501 1025 3537 a.
1049 3489 1141 3553 2,12.
1168 3513 1202 3523 —
1229 3489 1255 3538 3.
1281 3500 1348 3539 non

170 3551 216 3605 die
236 3549 366 3620 Stellung
383 3568 438 3606 von
455 3569 545 3622 paene
564 3571 585 3610 s.
606 3561 631 3623 6,
646 3560 689 3623 41,
703 3561 730 3609 3.
783 3554 1005 3609 deterrentur
1029 3584 1063 3593 -
1086 3554 1256 3624 proferre:
1284 3554 1349 3609 Bei-

171 3653 204 3662 ——
224 3628 248 3677 3.
267 3621 459 3678 ferebatur:
478 3626 602 3679 strombo.
621 3656 654 3666 -
673 3626 730 3680 de·
784 3625 854 3695 apiel
872 3624 917 3679 fiir
934 3625 988 3679 den
1007 3624 1154 3680 Gebrouch
1168 3625 1217 3679 des
1230 3624 1346 3681 Passivs

169 3693 300 3763 pressis
323 3693 442 3749 fossis:
470 3695 559 3750 durch
581 3697 635 3752 tief
649 3712 730 3767 gezo·
783 3696 918 3779 deterreri
934 3696 989 3750 mii
1006 3695 1071 3751 dem
1084 3695 1137 3750 Inf.
1155 3695 1250 3764 Vergl.
1266 3712 1289 3780 c,
1302 3702 1346 3765 12,

169 3764 388 3892 geggdllllllffll.
412 3854 496 3906 qnae
521 3868 554 3878 -
579 3837 729 3892 circuilu
783 3767 1072 3919 prdeqmmqqep-felpq
1087 3783 1131 3893 :ll
1145 3768 1349 3893 qunppskprqbplq

169 3905 331 3966 velcabett
349 3907 399 3966 lib.
419 3915 444 3978 1,
463 3915 497 3965 38
516 3909 592 3964 steht
608 3909 654 3962 ltin
672 3907 729 3962 die·
783 3909 820 3964 da
838 3925 887 3978 an,
910 3925 954 3964 wo
972 3925 1012 3964 s1e
1030 3908 1077 3963 die
1094 3908 1191 3963 vineas
1211 3908 1349 3964 errichbet

170 3977 246 4033 selba
254 3978 343 4033 Socho
352 3980 398 4034 ein
406 3978 683 4035 endererduedrnolr.
694 4009 729 4019 -
782 3981 891 4048 hebben,
910 3980 992 4034 enter
1007 3980 1093 4034 deren
1107 3979 1208 4034 Schutz
1221 3978 1281 4033 und
1293 3995 1347 4034 vor

170 4053 195 4102 2.
215 4050 388 4117 optarent:
408 4067 431 4106 c.
451 4056 467 4105 9
488 4052 585 4120 optare
598 4049 652 4104 mit
666 4049 729 4119 Ini,
783 4051 838 4106 den
856 4050 1023 4120 Belegerten
1045 4050 1201 4119 verborgen
1223 4049 1264 4104 eie
1290 4049 1347 4105 den

169 4118 231 4172 hier
247 4120 301 4174 mit
314 4122 379 4177 Ace.
397 4138 420 4176 c.
434 4120 488 4175 Inf.
513 4121 565 4177 Bei
583 4120 638 4176 (lic.
653 4121 730 4176 steht
782 4121 914 4192 Eingang
931 4138 965 4174 nn
978 4121 1033 4176 den
1046 4120 1141 4176 Minen
1158 4120 1299 4176 machben.
1310 4150 1346 4160 —

170 4189 212 4244 oft
230 4192 297 4259 opto
310 4191 441 4247 mitdem
455 4191 729 4248 AecuseinesSnb·
784 4199 810 4248 o.
838 4191 945 4248 fontia
976 4190 1171 4261 fastigium:
1204 4190 1346 4262 diejenige

170 4262 297 4317 abentius.
313 4291 346 4302 —-
363 4263 509 4318 videreta
527 4263 651 4319 nilmlieh
667 4279 729 4334 pro·
782 4264 865 4319 the
883 4263 932 4318 des
949 4262 1068 4334 Berges,
1091 4261 1142 4317 auf
1156 4262 1278 4317 welcher
1295 4280 1348 4317 un·

159 4330 357 4401 hibern'poose.
375 4364 408 4374 —
424 4350 440 4390 e
457 4334 601 4406 regione
616 4360 650 4382 ω
665 4351 728 4391 oon·
782 4337 827 4390 ter
844 4335 894 4390 der
906 4333 1004 4388 Mauer
1021 4335 1071 4389 der
1085 4332 1168 4389 Sindi
1183 4333 1229 4388 die
1243 4332 1346 4400 Qnelle

149 4399 201 4452 tm.
218 4430 255 4440 -
270 4403 395 4462 vineas
410 4437 446 4449 -
464 4423 642 4482 aggerem:
660 4407 732 4464 uber
783 4405 965 4463 hernorhem.
