2804 4778
137 222 201 288 188
537 224 587 279 DE
604 223 724 279 BELLO
741 223 901 280 GALLICO

135 389 268 451 defendit
298 400 351 451 aut
380 390 484 470 iniert,
514 392 717 470 magistratus,
747 393 856 470 quiri
885 391 964 452 hello
990 394 1136 472 parunt,
1162 402 1201 453 ut
1227 396 1309 454 ritae

99 488 118 539 t
135 481 277 558 necisque
299 478 427 540 habeant
447 488 639 559 potestatem,
661 479 840 558 deliguntur.
877 479 911 540 ln
932 499 1005 559 pace
1028 480 1130 541 nullus
1151 492 1202 542 est
1223 501 1308 542 com·

135 569 235 628 monis
261 571 465 649 magistratus,
491 568 544 629 sed
570 570 722 648 principes
748 571 905 647 regionum
930 577 1021 648 atque
1048 588 1196 648 pagorum
1224 573 1309 632 inter

98 669 206 717 conos
232 658 280 717 iot
307 657 411 718 dicum
432 660 710 735 controversiasque
737 659 884 717 minuunt
928 656 1097 718 Latrocinia
1119 658 1234 719 nullam
1257 660 1309 720 ha·

133 743 206 805 hent
236 746 400 826 iniamiam,
432 764 509 824 quae
535 753 620 806 extra
650 746 725 805 fines
753 748 900 824 cuiusque
934 749 1064 806 civitatis
1093 748 1186 828 hunt,
1217 757 1310 827 atque

133 851 168 893 ea
196 835 360 895 iuventutis
386 834 569 895 exercendae
596 852 631 894 ac
657 834 789 894 desidiae
815 835 992 894 minuendae
1014 853 1104 895 causa
1131 837 1200 896 lieri
1220 856 1310 916 prae

98 923 242 984 tdicant.
286 925 382 1003 itque
404 921 457 983 uhi
479 925 547 1002 quis
569 942 606 983 ex
628 921 815 1002 principibus
836 926 868 982 in
890 923 1017 983 concilio
1038 923 1114 984 dixit
1140 943 1175 984 se
1198 925 1311 986 ducem

134 1011 213 1092 iore,
238 1015 292 1091 qni
314 1014 400 1090 sequi
423 1011 527 1091 relint,
553 1013 758 1092 profiteantur,
781 1020 967 1090 consurgunt
989 1015 1025 1092 ii,
1051 1016 1158 1092 quiet
1184 1032 1309 1075 canam

133 1109 165 1161 et
191 1100 341 1161 hominem
368 1100 496 1180 probant
517 1119 665 1180 suumque
687 1101 830 1160 auxilium
856 1100 1035 1179 pollicentur
1056 1111 1146 1180 atque
1168 1101 1208 1162 ah
1231 1103 1308 1164 mul·

97 1189 260 1250 stitudine
282 1189 500 1250 collaudantur:
527 1192 578 1269 qui
605 1208 642 1249 ex
669 1189 716 1249 hin
738 1192 835 1250 secuti
866 1207 927 1249 non
949 1198 1036 1269 sunt,
1062 1193 1095 1250 in
1116 1191 1309 1254 desertorum

133 1295 166 1337 ac
196 1276 382 1356 proditorum
412 1296 538 1339 numero
567 1278 734 1358 ducuntur,
766 1280 959 1357 omniumque
988 1278 1036 1338 his
1064 1297 1168 1338 rerum
1199 1290 1307 1360 postca

97 1365 207 1427 hildes
234 1366 402 1446 derogatur.
446 1366 600 1447 Hospitem
628 1367 736 1427 violare
764 1368 808 1427 las
835 1385 895 1427 non
922 1375 1045 1447 putant3
1077 1370 1130 1446 qni
1164 1387 1309 1447 quacum-

133 1472 192 1533 que
215 1454 252 1515 de
275 1472 365 1515 causa
386 1455 423 1516 ad
446 1474 498 1516 eos
521 1465 680 1535 venerunt,
706 1455 744 1516 ah
772 1458 881 1516 iniuria
906 1455 1083 1536 prohibent,
1111 1467 1233 1518 modos
1257 1459 1308 1520 ha·

133 1541 218 1624 hent,
240 1543 346 1623 hisque
368 1547 501 1605 omnium
523 1545 630 1605 domus
652 1553 755 1624 patent
776 1547 932 1623 rictusque
955 1548 1204 1606 communicatur.

221 1647 274 1710 24.
297 1652 339 1712 hc
361 1651 419 1711 luit
440 1661 526 1711 antea
547 1659 679 1731 tempus,
701 1669 771 1711 cum
793 1650 956 1710 Germanos
979 1649 1054 1711 Galli
1084 1653 1196 1712 virtute
1220 1670 1309 1733 supe-

133 1746 248 1842 rarent,
269 1738 349 1844 ultro
371 1738 447 1800 helia
470 1741 629 1820 inferrent,
655 1748 779 1843 propter
805 1739 959 1842 homiuum
982 1739 1205 1800 multitudinem
1228 1745 1308 1821 agri·

97 1828 622 1998 ²t'hhhthhhllilh
639 1827 1307 1998 1tl⁰hh¹hh¹2hh²hthiohh

132 2003 322 2066 Eratostheni
349 2014 379 2068 et
407 2005 582 2086 quibusdam
611 2005 731 2067 Graecis
759 2007 835 2066 lama
862 2013 962 2065 notam
989 2023 1056 2064 esse
1083 2005 1185 2080 rideo,
1216 2026 1308 2086 quam

132 2091 176 2154 illi
199 2091 356 2174 Orcyniam
380 2094 540 2176 appellant,
563 2093 669 2155 Volcae
692 2095 870 2173 Tectosages
893 2102 1114 2173 occupaverunt
1143 2103 1233 2175 atque
1263 2096 1308 2157 ihi

132 2333 247 2390 Grunde
259 2351 311 2391 vor
323 2336 424 2391 civitae
437 2336 560 2406 gestellt
579 2367 612 2376 -
631 2337 690 2406 qui
742 2343 812 2391 tau
825 2334 937 2404 quique.
951 2367 987 2376 -
1004 2336 1141 2391 sanctos
1159 2336 1306 2394 habent:

133 2433 167 2446 ·—
186 2406 357 2474 praesint:
375 2407 689 2477 uoherderconjt-
743 2408 846 2462 echten
876 2406 917 2461 eie
947 2407 994 2460 fur
1024 2407 1240 2466 unverletzlich
1272 2441 1307 2452 —

132 2477 170 2530 ut
190 2475 690 2560 habeantrtib.dieStellungdee
743 2478 868 2546 hisque
898 2508 936 2518 -
962 2479 1251 2536 communicatur:
1284 2498 1305 2537 e

133 2545 228 2602 eones
251 2565 273 2602 e.
294 2556 322 2617 1,
348 2555 381 2604 13
406 2567 441 2604 nn
464 2549 540 2632 quod
563 2549 618 2618 ipsi
636 2551 690 2604 etc.
744 2567 768 2604 e,
788 2555 821 2603 13
839 2566 874 2602 zu
891 2549 1121 2604 communicatur.

131 2617 190 2673 ond
220 2625 249 2688 6,
279 2625 296 2674 3
327 2638 361 2674 zu
389 2623 423 2676 ot
455 2620 624 2677 viderentur.
656 2651 690 2663 —

132 2697 157 2745 t.
189 2690 380 2762 regionum:
411 2690 628 2746 Lendeohaiten.
656 2723 691 2732 -
781 2689 848 2761 Cep.
871 2697 915 2744 24.
949 2697 973 2746 l.
996 2692 1143 2760 ternpus,
1170 2709 1245 2747 cum
1272 2723 1305 2734 -

132 2768 157 2816 6,
176 2763 282 2831 utque
300 2792 336 2803 —
354 2780 405 2818 eor
427 2764 498 2818 tiber
520 2764 605 2833 atque
623 2780 644 2817 e,
664 2769 690 2830 3,
744 2763 959 2831 superarent:
983 2777 1047 2815 cum
1068 2761 1098 2815 in
1121 2761 1215 2818 dieser
1237 2764 1306 2819 Vor-

133 2837 167 2886 14
185 2832 272 2888 Ende.
293 2865 325 2874 -
349 2833 597 2904 profiteantur:
620 2834 690 2888 mel·
743 2833 879 2904 bindung,
896 2831 927 2886 in
944 2832 1066 2887 welcher
1084 2849 1115 2887 es
1132 2833 1211 2888 reihe
1230 2835 1307 2890 Zeit-

131 2902 199 2971 don;
222 2904 331 2960 erkltre
354 2907 409 2961 den
432 2905 511 2976 Conj.
530 2935 563 2946 -
582 2904 690 2960 homi·
743 2905 906 2975 hedeutung
928 2921 963 2957 zu
980 2904 1074 2958 haben
1091 2904 1216 2973 echeint,
1236 2907 1308 2960 vird

131 2990 217 3029 nem:
249 2975 361 3033 Person,
389 3007 423 3019 -
450 2976 610 3046 probent:
642 2992 690 3046 ge·
743 2976 817 3031 doch
843 2975 900 3030 fuet
925 2974 1027 3028 immor
1052 2974 1106 3029 mit
1132 2975 1199 3030 dem
1224 2975 1306 3048 Oonj.

131 3045 295 3129 nehmigen,
321 3047 535 3103 einveretunden
560 3047 630 3102 eind.
655 3076 689 3087 -
743 3046 908 3102 construirt:
926 3045 976 3100 des
989 3062 1047 3100 wer
1061 3045 1217 3116 geschicht,
1235 3047 1308 3103 vird

131 3120 157 3171 8.
187 3134 246 3185 qur
270 3133 308 3172 ex
332 3117 398 3174 hie:
424 3118 531 3173 welche
556 3118 690 3173 deutsche
743 3133 799 3173 von
817 3118 882 3172 dem
901 3116 1101 3172 Schriitsteller
1119 3117 1161 3172 ele
1179 3134 1238 3173 ron
1255 3119 1307 3174 der

130 3185 449 3258 Verbindungepertikol
466 3189 538 3258 liegt
555 3187 595 3242 im
608 3189 690 3243 Reln·
744 3189 869 3258 Zeitlage
887 3187 1031 3258 abhangig
1049 3188 1178 3258 gedncht
1203 3189 1306 3245 Uebri-

130 3256 191 3311 tiv?
206 3287 238 3298 -
254 3263 278 3312 9.
294 3275 506 3328 quacumque
521 3259 560 3314 de
575 3275 689 3314 cauae:
725 3309 728 3315 .
743 3276 812 3329 gene
831 3260 956 3314 entateht
971 3259 1059 3314 durch
1075 3258 1138 3315 eine
1156 3261 1305 3317 wortliche

131 3343 182 3381 aue
209 3327 308 3398 irgend
331 3329 407 3384 einer
425 3329 560 3396 Ureache,
583 3330 690 3385 welche
743 3330 951 3400 Uoberretaung
983 3331 1023 3384 im
1053 3330 1086 3384 D.
1117 3330 1179 3386 eine
1216 3331 1305 3387 Zwei·

132 3412 162 3452 ee
177 3399 249 3452 uuoh
263 3398 321 3453 sein
331 3417 404 3470 mag.
432 3400 476 3455 Da
489 3400 519 3454 in
533 3401 583 3455 der
596 3401 690 3456 cluani-
743 3400 915 3470 deutigkeit,
937 3400 1046 3456 dietim
1063 3401 1125 3456 Lot.
1143 3401 1225 3458 nicht
1241 3419 1306 3458 vor-

132 3468 217 3522 echen
236 3467 359 3538 Spreche
377 3488 430 3525 nur
448 3487 623 3540 quacumque
645 3489 689 3528 re·
742 3471 856 3526 handen
868 3472 914 3526 iet.
928 3502 965 3512 -
978 3479 1002 3526 2.
1019 3489 1119 3540 quam
1136 3503 1171 3513 -
1190 3490 1304 3542 quam:

130 3538 209 3594 tione
223 3539 296 3594 ohne
309 3540 446 3597 relativae
457 3541 532 3610 Sinn,
550 3542 603 3598 uie
618 3544 690 3599 euch
743 3543 812 3597 dher
826 3542 870 3598 die
884 3542 985 3598 beiden
998 3543 1235 3599 unverbundenen
1250 3547 1305 3601 Re·

131 3625 244 3679 quoquo
262 3611 360 3680 modo,
380 3614 469 3681 steht,
492 3613 530 3669 iet
547 3614 609 3670 hier
627 3614 688 3669 eine
742 3614 957 3681 latiuottzee.1,
973 3620 997 3668 1.
1012 3645 1046 3653 —
1061 3613 1304 3671 Eratostheniz

130 3681 417 3754 Znuemmenziehung
430 3701 485 3739 von
499 3683 626 3740 idithun
639 3685 689 3755 qui
743 3701 773 3740 er
795 3702 853 3740 war
876 3686 999 3755 gebeton
1021 3685 1052 3740 in
1074 3685 1183 3755 Libyen
1203 3686 1235 3741 in
1253 3686 1306 3756 der

129 3754 267 3809 venerunt
285 3754 341 3808 und
360 3771 534 3823 quocumque
552 3756 587 3811 de
605 3772 689 3811 cauea
743 3755 828 3811 Stndt
848 3755 970 3827 Cyrene,
991 3757 1099 3811 welche
1118 3757 1191 3827 jetat
1207 3756 1305 3814 Kuren

128 3825 266 3880 venerunt
278 3824 614 3883 inEinenenuunehmen.
632 3827 689 3881 ror
741 3828 842 3897 heiret,
861 3829 937 3882 lebte
955 3844 1012 3884 von
1030 3833 1172 3882 arc-194
1185 3844 1212 3884 v.
1227 3828 1303 3898 Ohr,

129 3911 305 4020 puteumque
328 3895 391 3967 gibt
414 3897 440 3952 d.
459 3897 505 3952 W.
523 3899 557 3953 A.
577 3914 688 3967 queque
741 3899 913 3968 wur'lenge
937 3899 1022 3954 lehre
1046 3898 1241 3955 Bibliothehar
1267 3918 1306 3956 au

150 3982 165 4020 e
199 3982 294 4022 caueae
333 3967 383 4036 „in
415 3967 511 4038 jedem
544 3968 689 4025 einzelnen
742 3969 1303 4040 AlexandrinundberiihmtslnSprach·

129 4035 217 4105 Pelle,
228 4055 278 4093 uno
292 4038 391 4109 irgend
405 4040 497 4095 einem
512 4039 688 4109 (hoeondern)
741 4041 877 4109 forecher,
896 4042 1047 4096 Astronom
1064 4041 1123 4095 und
1141 4041 1302 4112 Geograph

129 4106 273 4164 Grunde“.
297 4141 330 4151 —
355 4111 396 4165 ab
417 4111 547 4166 iniuria
568 4111 688 4195 prohi-
742 4140 776 4151 -
801 4111 903 4167 video
928 4137 962 4158 =
988 4113 1046 4167 ecio
1078 4111 1146 4167 oder
1173 4113 1304 4184 cognovi,

129 4177 209 4235 heht:
234 4196 290 4251 erg.
310 4197 370 4250 eoe;
394 4199 442 4236 zor
459 4182 621 4252 Repetition
638 4182 688 4237 der
741 4182 820 4237 nicht
851 4183 940 4237 durch
972 4183 999 4238 ei
1019 4199 1070 4238 eno
1101 4183 1304 4256 Anachnuung,

128 4248 218 4322 Regel
241 4252 310 4307 tiber
332 4252 378 4308 die
400 4253 599 4324 regelmtoeige
616 4255 687 4308 Aue·
741 4252 861 4308 sondern
875 4271 925 4309 aue
939 4202 1162 4326 derhirzthlnng
1174 4255 1233 4310 und
1247 4256 1305 4312 den

129 4319 245 4393 luoeung
257 4322 305 4379 dor
314 4323 584 4379 Demonstrativuma
595 4323 650 4393 vgl.
663 4329 687 4392 1,
741 4323 892 4378 Berichten
907 4325 1043 4393 Anderer3
1061 4324 1144 4381 video
1157 4326 1228 4382 lieet
1241 4327 1304 4383 rich

129 4394 173 4460 40,
189 4396 221 4446 12
236 4410 270 4447 nu
284 4397 334 4449 aut
348 4424 381 4436 -
396 4393 588 4450 doiuiieeund
604 4400 629 4463 2,
645 4400 687 4464 16,
741 4392 772 4450 in
801 4394 907 4483 dicem
937 4397 1022 4452 Sinna
1051 4397 1123 4452 euch
1149 4396 1204 4454 mit
1231 4397 1304 4470 „ich
